4967 6217
1964 939 2427 1043 ORDO
2538 937 3574 1043 LECTIONUM

2571 1188 2986 1235 nantunnun

1569 1375 1681 1455 IN
1768 1374 2359 1457 lLLUSTRI
2434 1373 3218 1457 DAVENTRIAE
3291 1371 3978 1471 ΑΤΗΕΝΑΕΟ,

1633 1581 1692 1632 Α.
1716 1580 1775 1633 D.
1794 1580 1909 1633 xvl
1930 1580 1995 1633 Π.
2012 1580 2218 1648 8ΕΡΤ.,
2238 1582 2300 1635 Α.
2318 1580 2578 1647 HDCCU,
2593 1578 2806 1649 usQUE
2821 1576 2912 1631 Au
2928 1575 3163 1630 mus
3180 1574 3494 1629 AESTIVAS
3511 1574 3574 1627 A.
3595 1542 3908 1629 boccan.

1838 1764 2186 1838 Rnc'ronn
2232 1765 2484 1837 an.
2537 1761 2934 1836 MARINO
2981 1755 3444 1835 JOHANNE
3491 1754 3700 1831 coP.

1350 2237 1451 2310 M.
1503 2238 1572 2311 J.
1622 2238 1773 2311 Col>
1828 2238 2189 2313 Chemiam
2237 2238 2550 2325 docebit,
2601 2236 2848 2311 diebus
2891 2238 3172 2323 Lunae,
3219 2233 3509 2321 Martia,
3557 2233 3887 2308 Mercurii
3931 2243 4002 2308 et
4045 2235 4277 2322 Jovis,

1248 2352 1415 2427 hora
1459 2352 1591 2428 XI.
1713 2354 2077 2451 Botanices
2145 2354 2486 2430 elementa
2545 2354 2910 2441 tractabit,
2981 2352 3232 2427 iisdem
3301 2350 3550 2424 diebus
3607 2349 3775 2424 hora
3812 2350 3984 2428 XII.
4083 2354 4275 2432 Artis

1245 2473 1832 2568 pharmaceutices
1894 2474 2221 2549 studiosis
2292 2474 2656 2549 Chemiam
2712 2474 2939 2549 tradet
2979 2470 3228 2549 diebus
3281 2470 3564 2557 Martis,
3611 2469 3804 2545 Jovis
3839 2479 3911 2545 et
3959 2472 4273 2560 Saturni,

1245 2592 1611 2667 Botaniam
1684 2600 1920 2668 autem
1989 2593 2237 2667 diebus
2298 2594 2542 2669 Lunae
2601 2602 2674 2669 et
2738 2589 3070 2669 Mercurii
3125 2588 3372 2665 eadem
3441 2588 3610 2664 horst
3663 2588 3800 2666 IX.
3915 2590 4274 2667 Chemiam

1142 2811 1151 2815 ι
1246 2710 1691 2785 theoreticam
1728 2720 1939 2809 atque
1974 2713 2385 2811 analyticam
2429 2714 2672 2789 docere
2707 2720 2778 2789 et
2816 2712 3092 2787 ordines
3123 2710 3514 2809 plantarum
3562 2710 3909 2785 naturales
3940 2734 4274 2811 exponere

1242 2836 1526 2925 paratus
1575 2840 1701 2905 est.
1805 2832 2167 2906 Exercitiis
2204 2832 2530 2907 chemicis
2567 2832 2877 2932 quotidie
2905 2826 3220 2931 praeerit.
3296 2826 3600 2903 Favente
3629 2828 3797 2904 anni
3832 2837 4239 2929 tempestate
4253 2890 4274 2917 ,

1244 2972 1408 3021 cum
1453 2948 1889 3023 auditoribus
1940 2950 2375 3027 excursiones
2419 2952 2773 3027 botanicas
2813 2950 3152 3026 instituet.
3251 2946 3578 3024 Publicae
3621 2946 3944 3047 lectiones
3989 2949 4274 3024 habebit

1240 3074 1481 3163 postea
1526 3068 1947 3143 indicandas.

1338 3307 1407 3379 J.
1457 3304 1819 3381 Vnumne
1884 3306 2133 3382 diebus
2183 3310 2508 3407 horisque
2560 3310 2975 3398 commodiS,
3041 3307 3240 3382 initia
3283 3307 3560 3407 linguae
3611 3306 3974 3383 Hebraeae
4020 3308 4264 3382 tradet.

1240 3425 1453 3499 Po‘rro
1497 3425 2033 3522 provectioribus
2083 3426 2441 3526 discipulis
2460 3484 2481 3516 ‚
2531 3428 2623 3503 ad
2664 3428 3074 3527 penitiorem
3125 3430 3736 3500 monumentorum
3787 3424 4271 3499 Hebraeorum

1242 3540 1705 3641 cognitionem
1766 3542 2035 3631 aditum
2095 3544 2501 3642 patefaciet,
2547 3544 2974 3619 illustrandis
3018 3542 3190 3619 varii
3235 3542 3395 3642 styli
3443 3542 3935 3643 speciminibus
3952 3601 3972 3632 ‚
4025 3543 4272 3619 diebus

1146 3670 1153 3677 '
1244 3660 1575 3734 Mercurii
1618 3669 1690 3733 et
1736 3660 2057 3749 Veneris,
2116 3662 2285 3736 hora
2326 3662 2419 3737 X.
2520 3664 2834 3762 Linguae
2869 3646 3248 3738 Aramaeae
3293 3686 3420 3736 seu
3467 3662 3878 3737 Chaldaicae
3919 3686 4000 3737 ac
4043 3662 4268 3761 Syria-

1242 3804 1365 3852 cae
1406 3778 1747 3853 exercitiis
1785 3780 2211 3855 occasionem
2247 3780 2481 3869 dabit,
2513 3780 2760 3856 diebus
2793 3783 3041 3857 Martis
3078 3789 3151 3856 et
3181 3781 3229 3854 J
3229 3781 3375 3855 ovis
3396 3838 3417 3869 ‚
3459 3780 3702 3855 eadem
3737 3780 3926 3858 hora.
4000 3780 4266 3855 Diebus

1244 3897 1497 3972 Martis
1513 3955 1533 3987 ,
1582 3898 1945 3987 Mercurii,
1984 3899 2037 3987 ‚J
2042 3899 2187 3973 ovis
2231 3908 2303 3974 et
2344 3899 2632 3974 Veneris
2650 3959 2670 3990 ‚
2720 3901 2886 3975 hora
2913 3901 3025 3975 XI
3045 3959 3066 3989 ,
3116 3902 3204 3975 de
3247 3899 3685 3997 Antiquitate
3719 3899 4044 3975 Hebraea
4085 3908 4264 3999 aget.

1192 4028 1199 4036 ’
1243 4018 1321 4090 Si
1379 4018 1539 4116 quis
1606 4024 1957 4115 praeterea
2027 4017 2376 4093 doctrinae
2448 4019 2880 4096 Christianae
2939 4021 3180 4096 morali
3233 4044 3514 4118 operam
3594 4020 3758 4094 dare
3823 4019 4098 4118 cupiet,
4167 4017 4269 4092 illi

1242 4134 1536 4239 libenter
1583 4134 1733 4209 dux
1778 4133 1910 4209 erit
1956 4141 2261 4242 tempore
2304 4144 2546 4234 postea
2591 4138 2977 4215 statuendo.

1336 4374 1418 4449 P.
1462 4373 1805 4448 Bossan
1865 4372 2247 4447 Historiam
2326 4372 2483 4449 Vet.
2545 4374 2751 4449 Univ.
2801 4375 2892 4449 ad
2950 4375 3242 4454 ductum
3287 4374 3702 4473 Compendii
3751 4378 3862 4453 sui
3903 4376 4266 4463 tractabit,

1248 4491 1494 4567 diebus
1541 4492 1785 4567 Lunae
1799 4550 1820 4580 ,
1867 4491 2119 4567 Martis
2144 4548 2166 4581 ‚
2215 4492 2546 4567 Mercurii
2585 4501 2656 4567 et
2698 4492 2986 4569 Veneris
3007 4552 3029 4583 ,
3087 4494 3255 4569 hora
3295 4494 3696 4572 meridiana.
3792 4495 4268 4596 Antiquitates

1248 4612 1599 4697 Romanas
1678 4610 2082 4711 explicabit,
2173 4610 2421 4685 diebus
2480 4612 2757 4703 Lunae,
2844 4614 3176 4689 Mercurii
3231 4620 3306 4688 ‘et
3368 4614 3562 4690 Jovis
3579 4674 3600 4705 ‚
3683 4615 3850 4691 hora
3908 4614 4041 4691 XI.
4155 4614 4268 4689 De

1242 4730 1567 4831 scriptore
1636 4733 1900 4807 Graeco
1971 4740 2042 4807 et
2110 4731 2361 4807 Latino
2420 4731 2824 4832 explicando
2884 4732 3131 4808 diebus
3195 4735 3436 4809 Lunae
3451 4792 3472 4824 ‚
3541 4735 3792 4812 Martis
3807 4794 3830 4824 ,
3890 4732 4220 4811 Mercurii
4241 4790 4262 4822 ‚

1238 4849 1431 4927 Jovis
1480 4856 1553 4925 et
1596 4849 1922 4943 Veneris,
1970 4850 2138 4926 hora
2182 4850 2293 4941 X,
2341 4852 2705 4928 consilium
2753 4862 2916 4931 c‘um
2961 4852 3396 4929 auditoribus
3439 4852 3664 4930 inibit.
