4967 6217
1419 692 1504 757 46
1589 704 1598 711 ’
2361 693 2747 761 sERIEs
2836 688 3488 759 LEGTIONUH.

1419 900 1488 974 S.
1517 900 1920 975 Vmennmo
1953 898 2372 976 Statisticam
2403 900 2666 998 patriae
2706 899 3113 1001 explicabit,
3152 898 3401 975 diebus
3431 896 3707 985 Lunae,
3744 893 3995 969 Martis

1517 1025 1589 1090 et
1632 1016 1960 1091 Mercurii
2027 1073 3487 1095 .....................
3525 1114 3535 1121 ἡ
3542 1070 3993 1091 .......
4106 1011 4275 1086 hora
4369 1013 4425 1085 Ι.

1609 1135 1990 1209 Historiam
2035 1136 2354 1235 Europae
2400 1136 2914 1235 diplomaticam
2932 1196 2952 1227 ,
2998 1138 3248 1213 iisdem
3294 1136 3543 1213 diebus
3620 1191 3997 1211 ......
4329 1132 4426 1205 II.

1608 1254 2100 1331 Oeconomiam
2146 1255 2538 1352 politicam,
2586 1256 2700 1335 die
2744 1258 2941 1333 Jovis
2968 1310 3993 1335 ...............
4122 1252 4161 1324 Ι
4210 1254 4281 1325 e't
4328 1252 4425 1323 ΙΙ.

1804 1382 1875 1447 et
1924 1372 2036 1449 die
2082 1371 2374 1451 Veneris
2462 1430 3994 1453 ......................
4121 1371 4160 1443 Ι
4208 1378 4280 1445 et
4324 1369 4446 1441 11.-

1411 1682 1492 1804 Ρ.
1539 1733 1626 1805 Ο.
1687 1755 1837 1806 vAN
1883 1756 2030 1806 nnn
2079 1684 2341 1819 Crine,
2413 1730 2616 1804 titulo
2668 1731 2851 1805 Prof.
2906 1732 3264 1807 Extraord.
3320 1737 3601 1807 ornatus
3622 1790 3640 1818 ,
3710 1729 3993 1804 Numis-

1509 1852 1831 1927 matioam
1878 1851 2267 1951 generalem
2315 1848 2545 1937 tradet
2594 1849 2839 1963 diebus
2884 1850 3126 1925 Lunae
3174 1860 3245 1927 et
3289 1852 3335 1925 J
3337 1852 3482 1926 ovis
3548 1906 3996 1926 .......
4370 1847 4433 1921 Ι.

1407 2208 1487 2280 C.
1543 2210 1630 2281 A.
1692 2207 1783 2281 Χ.
1854 2209 1940 2283 G.
1999 2208 2080 2283 F.
2143 2209 2555 2297 Smneana,
2621 2208 3013 2284 Literarum
3074 2209 3644 2285 Germanicarum
3708 2207 3991 2293 Lector,

1508 2328 1757 2401 selecta
1798 2326 2189 2425 principum
2227 2336 2589 2427 poetarum
2626 2329 3193 2403 Germanicorum
3226 2328 3529 2404 carmina
3564 2327 4000 2426 interpretari

1510 2454 1792 2545 paratus
1851 2454 1996 2535 est,
2073 2448 2282 2523 simul
2347 2449 2426 2522 id
2494 2454 2772 2522 acturus
2792 2506 2811 2534 ,
2878 2455 2959 2544 ut
3024 2447 3131 2522 his
3187 2449 3359 2546 ipsis
3420 2446 3752 2547 exemplis
3814 2446 3999 2521 varia

1505 2591 1796 2665 poeseos
1843 2591 2096 2665 genera
2143 2568 2438 2667 explicet
2484 2566 2941 2643 auditoribus,

1613 2686 1690 2760 Si
1729 2686 1855 2785 qui
1907 2686 2087 2777 sint,
2149 2688 2305 2785 qui,
2361 2686 2640 2785 linguae
2692 2688 3139 2764 Germanicae
3185 2687 3417 2763 minus
3461 2686 3703 2787 periti,
3750 2687 4022 2761 Gram--

1644 2862 1652 2867 -
1703 2805 2027 2883 maticam
2071 2804 2301 2881 doceri
2345 2806 2669 2905 cupiant,
2714 2807 2803 2882 iis
2850 2832 3129 2907 quoque
3176 2808 3654 2884 lubentissime
3702 2804 3993 2881 vacabit.

1413 3164 1492 3240 C.
1534 3164 1620 3240 G.
1669 3163 2024 3242 Loxxnns
2043 3226 2064 3255 ,
2113 3166 2575 3241 Academicus
2617 3167 2811 3241 Artis
2849 3167 3294 3266 gladiatoriae
3336 3168 3710 3268 Magister,
3762 3172 4003 3265 aptum
4082 3258 4093 3269 ο

1508 3288 1580 3357 et
1627 3282 2014 3385 elegantem
2059 3285 2275 3387 gladii
2325 3311 2535 3363 usum
2586 3286 2899 3387 quotidie
2946 3286 3244 3365 docebit.
