4967 6217
1729 677 2283 800 0RA⁸T10.
3444 738 3524 801 63

490 949 805 1017 nostrum
852 940 1217 1015 arbitrium
1264 962 1536 1013 movere
1581 946 1652 1013 et
1703 940 2041 1015 moderari
2087 964 2457 1040 possumus
2476 998 2496 1028 ‚
2561 939 2698 1014 ni'si
2749 942 2970 1039 ipsius
3011 941 3314 1015 indolem
3365 964 3524 1039 per-,

492 1060 917 1161 spexerimus
934 1118 953 1147 ,
1018 1084 1259 1135 causas
1327 1083 1369 1133 a
1434 1058 1691 1155 quibus
1752 1060 2205 1161 proficiscitur
2224 1118 2243 1146 ,
2312 1066 2599 1134 naturae
2615 1059 2844 1158 -leges
2905 1060 3160 1159 quibus
3223 1060 3520 1159 regitur,

492 1182 863 1257 utilitatem
931 1204 1141 1277 quam
1202 1184 1433 1275 potest
1493 1176 1753 1251 afferre.
1852 1179 2145 1251 Nostras
2200 1178 2389 1276 leges
2434 1185 2723 1255 naturae
2793 1203 2936 1253 non
2999 1179 3486 1277 constituimus
3505 1238 3524 1265 ,

490 1299 627 1375 nisi
672 1299 892 1399 ipsius
940 1297 1214 1395 legibus
1264 1296 1559 1393 cognitis
1608 1302 1679 1368 et
1728 1294 2123 1371 observatis,

590 1419 741 1493 Nec
794 1418 927 1491 alia
988 1424 1095 1489 est
1146 1414 1467 1489 scientiae
1536 1414 1763 1511 orig0,
1835 1415 2035 1511 qu'us
2100 1415 2327 1489 omnis
2396 1438 2670 1487 summa
2733 1414 2825 1487 ad
2890 1414 3094 1489 beate
3157 1415 3530 1492 vivendum

494 1540 705 1613 relata
752 1545 891 1622 est,
942 1536 1153 1632 idque
1204 1556 1429 1607 unum
1479 1540 1880 1631 expetentes
1920 1535 2233 1608 homines
2285 1558 2359 1607 se
2406 1534 2498 1607 ad
2542 1531 2712 1606 haec
2758 1540 3047 1609 naturae
3093 1534 3325 1611 studia
3367 1561 3528 1611 con·

495 1657 822 1731 tulerunt.
904 1653 1135 1753 ⁴Initio
1200 1652 1389 1727 enim
1450 1677 1591 1727 non
1638 1654 1781 1727 veri
1838 1677 2067 1727 amore
2084 1712 2103 1741 ,
2156 1653 2280 1726 sed
2344 1650 2455 1725 sui
2503 1650 2724 1749 ipsius
2773 1676 3004 1727 amore
3053 1654 3531 1753 unusquisque

456 1775 833 1873 ,impulsus
854 1832 873 1860 ,
941 1772 1019 1846 id
1083 1797 1307 1846 unum
1374 1773 1553 1870 egit,
1631 1780 1710 1847 ut
1783 1773 1927 1846 suis
1988 1772 2202 1881 rebus
2272 1766 2691 1857 consuleret,
2741 1780 2814 1845 et
2861 1772 3164 1848 maxima
3232 1774 3534 1871 quadam

488 1893 923 1991 jucunditate
965 1892 1513 1989 perfunderetur.
1614 1894 1787 1967 Mox
1830 1901 2068 1968 autem
2108 1893 2242 1968 alia
2278 1899 2445 1967 nata
2490 1899 2596 1966 est
2635 1914 2869 1965 rerum
2909 1890 3245 1978 conditi0,
3295 1899 3366 1967 et
3411 1918 3536 1967 nos

494 2014 780 2112 quidem
823 2011 1289 2109 cognitionem
1326 2034 1558 2084 rerum
1596 2019 1719 2085 aut
1754 2012 2179 2086 occultarum
2218 2022 2341 2085 aut
2384 2009 2899 2084 admirabilium
2941 2011 3032 2084 ad
3065 2009 3267 2085 beate
3307 2010 3537 2087 viven-

495 2133 667 2207 dum
733 2130 1191 2205 necessariam
1259 2129 1614 2217 ducimus,
1681 2154 1975 2228 eamque
2025 2138 2306 2229 propter
2370 2155 2443 2205 se
2514 2129 3030 2204 adsciscean
3083 2129 3500 2205 arbitramur
3519 2190 3538 2219 ,

497 2251 685 2349 quod
726 2250 979 2325 habeat
1016 2248 1350 2345 quiddam
1387 2248 1460 2320 in
1503 2274 1577 2323 se
1623 2250 1823 2347 quasi
1858 2250 2298 2348 complexum
2340 2257 2412 2324 et
2447 2248 2806 2325 continens
2844 2250 3223 2326 veritatem.
3305 2252 3541 2329 Quam

496 2369 681 2444 enim
754 2369 1127 2444 utilitatem
1199 2376 1323 2443 aut
1389 2393 1601 2466 quem
1670 2368 1978 2444 fructum
2047 2376 2399 2468 petente8‚
2468 2369 2640 2443 scire
2713 2368 3072 2465 cupimuS,
3139 2368 3293 2469 illa,
3363 2393 3542 2465 quae

496 2488 763 2565 occulta
806 2488 1009 2561 nobis
1054 2494 1258 2575 sunt,
1310 2486 1656 2586 quomodo
1704 2494 2111 2561 moveantur
2125 2545 2145 2574 ,
2196 2486 2591 2585 quibusque
2640 2487 2728 2561 de
2781 2487 3010 2561 causis
3059 2511 3142 2561 ea
3181 2470 3544 2561 'versentur

494 2609 569 2682 in
622 2602 861 2683 coelo?
961 2606 1143 2684 Quis
1190 2615 1428 2680 autem
1470 2614 1617 2679 tam
1661 2605 2052 2703 agrestibus
2105 2606 2445 2681 institutis
2493 2605 2660 2678 vivit
2703 2612 2830 2680 aut
2881 2604 3039 2703 quis
3098 2612 3335 2681 contra
3395 2614 3540 2679 stu-

497 2728 613 2803 dia
654 2734 941 2802 naturae
986 2733 1133 2800 tam
1176 2726 1616 2799 vehementer
1658 2722 2027 2811 obduruit,
2078 2730 2159 2798 ut
2205 2749 2248 2798 a
2305 2724 2515 2798 rebus
2562 2725 2953 2823 cognitione
2999 2725 3232 2823 dignis
3295 2723 3541 2799 abhor-

498 2853 677 2933 reat,
727 2868 982 2942 easque
1026 2844 1175 2917 sine
1221 2844 1576 2942 voluptate
1632 2851 1755 2917 aut
1806 2842 2106 2918 utilitate
2162 2842 2395 2940 aliqua
2454 2867 2595 2917 non
2648 2843 2958 2942 requirat
3018 2850 3090 2917 et
3149 2868 3274 2942 pro
3328 2842 3545 2918 nihilo

498 2965 752 3063 putet?
848 2964 937 3037 In
988 2962 1157 3060 ipsis
1203 2962 1419 3061 igitur
1466 2942 1710 3051 rebus,
1762 2987 1939 3061 quae
1986 2961 2349 3036 discuntur
2386 2970 2458 3037 et
2498 2971 3046 3063 cognoscuntur,
3093 2961 3546 3037 invitamenta

498 3086 775 3170 insunt,
827 3082 1084 3180 quibus
1122 3082 1213 3155 ad
1256 3082 1663 3157 discendum
1702 3082 2397 3181 cognoscendumque
2433 3108 2856 3160 moveamur.
2960 3083 3172 3161 Quod
3210 3084 3546 3157 maximas

496 3204 679 3277 inter
722 3224 1215 3300 progressuum
1264 3186 1507 3276 causas
1552 3202 1766 3277 fuisse
1782 3262 1803 3290 ‚
1854 3201 2091 3291 nullus
2142 3200 2577 3277 infitiabitur.
2677 3203 2831 3300 Disj
2841 3209 3045 3276 uncta
3090 3201 3278 3275 enim
3319 3200 3542 3275 studi·

499 3346 699 3397 orum
766 3320 1081 3396 membra
1153 3327 1309 3395 tum
1377 3322 1663 3397 demum
1734 3322 2255 3419 conjunguntur
2274 3380 2293 3409 ,
2367 3322 2974 3420 doctrinarumque
3043 3346 3221 3409 sors,
3292 3329 3375 3395 ut
3447 3320 3546 3395 ita

502 3440 726 3515 dicam
748 3498 767 3527 ‚
817 3439 1125 3513 nascitur
1146 3496 1166 3525 ,
1216 3464 1437 3533 quum
1498 3464 1637 3513 non
1696 3439 2014 3513 utilitatis
2063 3464 2303 3526 causa,
2372 3464 2587 3537 quam
2647 3465 2734 3513 ex
2802 3440 2888 3513 iis
2955 3463 3312 3538 speramus
3332 3498 3351 3527 ,
3423 3440 3546 3513 sed

506 3564 783 3656 propter
842 3558 1067 3655 ipsam
1088 3615 1107 3643 ,
1174 3581 1314 3654 qua
1363 3558 1627 3645 nitent,
1676 3555 2167 3655 praestantiam
2213 3581 2327 3631 eas
2378 3556 2596 3631 colere
2647 3559 3019 3656 coepimus.
3119 3558 3214 3631 Et
3256 3582 3346 3633 ne
3388 3558 3546 3655 quis

504 3682 742 3774 putet,
792 3676 1167 3773 solivagam
1214 3674 1358 3750 fore
1410 3684 1482 3751 et
1530 3676 1840 3775 jejunam
1887 3673 2065 3749 hanc
2110 3700 2342 3750 rerum
2379 3676 2844 3774 cognitionem
2858 3736 2877 3765 ,
2927 3701 3054 3751 nec
3099 3676 3367 3751 fructus
3384 3692 3408 3766 ‚'
3455 3677 3546 3751 ad

507 3820 680 3893 quos
735 3818 874 3868 non
941 3794 1296 3869 attendere
1360 3796 1707 3881 videmur,
1757 3818 1906 3868 esse
1962 3795 2290 3883 laturam3
2342 3795 2600 3869 bonam
2653 3796 2836 3871 enim
2887 3796 3060 3869 feret
3107 3795 3380 3895 frugem
3402 3853 3422 3884 ,
3471 3804 3544 3870 et

505 3912 853 3988 uberiores
892 3914 1351 4013 percipiemus
1388 3914 1688 4001 fructu8‚
1741 3921 1821 3987 ut
1856 3913 1963 3992 illi
1994 3913 2159 4012 ipsi,
2209 3914 2333 4012 qui
2372 3914 2724 3990 doctrinae
2766 3915 3014 3988 studiis
3056 3922 3127 3988 et
3166 3915 3539 4013 sapientiae

509 4033 727 4107 dediti
792 4040 959 4107 sunt
978 4092 997 4121 ,
1068 4034 1159 4107 ad
1228 4033 1591 4107 hominum
1662 4031 2033 4106 utilitatem
2100 4057 2300 4106 suam
2368 4034 2811 4130 prudentiam
2875 4033 3544 4134 intelligentiamque

508 4150 945 4248 potissimum
995 4151 1367 4227 conferant.

608 4269 881 4343 Videtis
952 4271 1169 4368 igitur
1248 4272 1337 4347 A.
1412 4273 1539 4360 A.,
1618 4271 1677 4345 si
1742 4270 1917 4345 fines
1992 4268 2263 4369 imperii
2332 4270 2634 4370 proferre
2715 4296 2796 4345 ac
2875 4272 3178 4348 diversas
3256 4279 3545 4347 naturae

512 4388 895 4486 provincias
938 4397 1209 4465 nostrae
1258 4391 1503 4467 ditioni
1551 4390 1888 4490 subjicere
1928 4390 2221 4464 velimus
2235 4450 2255 4479 ,
2302 4415 2580 4465 necesse
2624 4416 2774 4466 esse
2791 4449 2811 4479 ,
2862 4406 2944 4466 ut
2979 4390 3264 4489 disjecta
3307 4390 3541 4489 cogni·

512 4506 722 4581 tionis
762 4508 1075 4583 membra
1122 4510 1531 4607 colligentur
1565 4516 1645 4592 *et
1686 4508 1759 4581 in
1802 4506 2317 4607 disciplinarum
2359 4506 2651 4581 formam
2692 4508 3117 4607 redigantur.
3215 4509 3344 4581 Est
3386 4532 3544 4581 vero

514 4634 586 4701 et
651 4626 841 4701 aliud
914 4627 1298 4702 studiorum
1348 4626 1769 4727 praesidium
1786 4684 1807 4715 ,
1870 4649 2011 4699 non
2063 4626 2136 4698 in
2191 4625 2675 4724 conjungendo
2692 4683 2715 4715 ,
2765 4628 2890 4701 sed
2939 4624 3174 4703 contra
3233 4629 3307 4701 in
3367 4628 3538 4703 divi-

518 4746 745 4820 dendo
792 4745 1119 4844 positum.
1220 4748 1610 4846 Operarum
1671 4746 1825 4821 dico
1870 4743 2307 4843 partitionem
2328 4801 2348 4832 ,
2414 4770 2498 4820 eo
2559 4746 2781 4845 magis
2844 4746 3295 4823 necessariam
3314 4806 3334 4835 ,
3405 4773 3546 4845 quo

518 4864 716 4939 latior
759 4872 994 4964 pateat
1046 4865 1515 4942 doctrinarum
1573 4890 1879 4964 campus.
1980 4864 2225 4940 Officia
2284 4864 2466 4941 inter
2523 4890 2598 4943 se
2648 4866 3029 4944 diviserunt
3079 4866 3390 4943 homines
3407 4924 3428 4957 ,
3479 4874 3552 4939 et
