4967 6217
1418 692 1502 757 60
2486 692 2553 759 C.
2624 692 2701 759 G.
2773 690 3365 759 OPZOOMER
3490 722 3497 731 ·

1421 904 1778 995 nequeunt
1809 898 2052 971 Batavi
2087 895 2376 971 subtiles
2409 897 2579 971 istas
2610 897 3044 973 definitiones
3073 906 3145 973 et
3176 898 3681 986 distinctiones,
3716 899 4082 998 impeditas
4114 901 4203 975 de
4238 902 4449 977 rebus

1323 997 1334 1009 ’
1422 1018 1727 1091 humano
1787 1014 2145 1089 intellectu
2205 1014 2408 1113 longe
2471 1014 2938 1114 superioribus
2997 1016 3433 1114 quaestiones
3452 1076 3471 1104 ‚
3544 1018 4045 1117 disputationes
4064 1078 4083 1106 ,
4152 1044 4439 1119 quarum

1421 1137 1559 1209 vita
1624 1133 1839 1209 civilis
1903 1133 2130 1208 nullos
2187 1158 2499 1233 unquam
2563 1134 2830 1209 fructus
2891 1141 3297 1232 perceptura
3362 1142 3488 1208 est.
3588 1136 3739 1209 Nec
3809 1134 4044 1210 minus
4108 1146 4445 1233 respuunt

1419 1253 1693 1328 dicendi
1733 1252 1911 1327 illud
1958 1277 2180 1353 genus
2200 1312 2220 1342 ,
2269 1253 2628 1328 horridum
2680 1277 2869 1327 nunc
2925 1261 2997 1327 et
3042 1253 3451 1342 barbarum,
3502 1278 3689 1328 1111110
3741 1254 4093 1329 tumidum
4150 1263 4222 1331 et
4268 1257 4441 1330 cala-

1419 1375 1808 1447 mistratum
1824 1431 1843 1461 ,
1885 1373 2075 1471 quod
2108 1372 2677 1471 philosophorum
2712 1372 2982 1471 generis
3015 1374 3213 1471 quasi
3247 1372 3602 1473 proprium
3634 1398 3783 1449 esse
3816 1358 4107 1449 videtur.
4184 1377 4447 1449 Omnes

1420 1492 1770 1569 doctrinae
1789 1551 1808 1581 ,
1859 1500 2012 1567 tum
2064 1492 2386 1591 physicae
2447 1500 2604 1566 tum
2649 1491 2943 1567 morales
2958 1549 2978 1580 ,
3045 1492 3323 1567 laudem
3384 1518 3585 1570 suam
3648 1501 3719 1568 et
3786 1494 4196 1593 dignitatem
4260 1495 4444 1592 apud

1421 1640 1546 1690 nos
1595 1622 1920 1703 tuentur3
1971 1613 2478 1714 philosophiam
2525 1634 2683 1685 vero
2729 1610 3043 1685 8118111818
3083 1610 3431 1709 jubemus.

1522 1734 1719 1812 Quid
1765 1757 1895 1833 ego
1917 1791 1935 1821 ,
1979 1733 2148 1832 jam'
2184 1740 2346 1809 ante
2391 1732 2519 1807 hos
2565 1755 2687 1805 sex
2729 1750 2947 1805 annos
2986 1729 3077 1803 ad
3127 1732 3350 1829 ipsam
3387 1733 3601 1820 hanc,
3650 1742 3797 1807 tam
3845 1755 4083 1830 aspere
4142 1738 4214 1805 et
4256 1732 4443 1805 inur-

1297 1898 1300 1901 -
1421 1853 1600 1925 bane
1643 1851 1952 1925 exsulare
1995 1851 2261 1950 jussam
2280 1910 2300 1940 ,
2349 1849 2855 1950 philosophiam
2893 1849 2967 1923 in
3005 1849 3383 1925 Academia
3420 1850 3686 1927 Batava
3727 1851 4109 1925 docendam
4136 1857 4411 1925 vocatus
4424 1912 4441 1937 ‚

1419 1971 1676 2045 talibus
1750 1972 2179 2070 respondebo
2197 1973 2232 2044 P
2281 1970 2547 2045 ·Haud
2618 1968 2815 2044 facile
2886 1992 3001 2042 me
3070 1969 3363 2057 adduci,
3432 1977 3514 2045 ut
3584 1994 3706 2057 ea,
3772 1968 3847 2043 in
3918 1968 4174 2103 quibus
4244 1994 4443 2043 omne

1418 2090 1597 2165 vitae
1640 2097 1918 2189 tempus
1959 2114 2360 2165 consumere
2403 2089 2668 2188 placet,
2716 2112 3101 2187 repugnare
3140 2088 3510 2163 concedam
3554 2088 3852 2163 nationis
3890 2087 4206 2187 ingenio,
4249 2088 4446 2219 cujus

1415 2215 1682 2307 partem
1757 2233 1871 2283 me
1943 2210 2204 2297 sentio,
2273 2209 2393 2344 cuj·
2391 2232 2473 2283 us
2546 2207 2753 2281 saluti
2819 2215 3163 2305 quantum
3231 2217 3469 2305 potero
3537 2208 3921 2310 prospicere
3992 2213 4155 2281 ante
4220 2206 4445 2281 omnia

1419 2328 1590 2403 mihi
1665 2327 1853 2402 cordi
1921 2336 2067 2415 est,
2135 2328 2398 2401 nemini
2469 2325 2727 2401 mirum
2792 2326 2941 2402 erit.
3043 2328 3138 2400 Et
3205 2334 3442 2401 tamen
3516 2327 3805 2403 fortasse
3868 2352 3911 2403 a
3981 2326 4445 2426 philosophiae

1329 2458 1339 2471 ’
1417 2447 1994 2546 vituperatoribus
2040 2440 2493 2545 philosophus
2539 2446 2690 2544 ipse
2741 2444 2931 2519 haud
2984 2451 3337 2544 tantopere
3390 2440 3757 2522 dissentior
3815 2472 3889 2521 re
3938 2471 4152 2545 quam
4204 2445 4441 2520 verbis.

1415 2566 1600 2641 Fieri
1649 2574 1877 2665 potest
1894 2624 1914 2654 ,
1964 2575 2048 2641 ut
2103 2566 2292 2665 quod
2341 2565 2430 2641 ab
2477 2564 2565 2638 118
2619 2563 3051 2675 philosophia
3093 2564 3491 2639 nominatur
3536 2592 3665 2667 ego
3728 2565 4011 2659 (dabitis
4062 2566 4250 2639 enim
4295 2589 4443 2663 pro-

1419 2686 1600 2759 fecto
1616 2744 1638 2774 ,
1708 2693 1791 2759 u‘t
1859 2686 1932 2759 in
2000 2684 2210 2759 rebus
2279 2682 2631 2758 inusitatis
2700 2692 2858 2757 utar
2908 2683 3136 2759 verbis
3201 2684 3555 2763 interdum
3616 2683 3976 2776 inauditis)
4042 2683 4443 2783 ideologiam

1424 2803 1648 2879 dicam
1668 2862 1690 2892 ,
1718 2803 2210 2902 metaphysica
2253 2802 2362 2876 vel
2409 2801 2951 2901 dogmatismum
2966 2861 2985 2890 ,
3050 2803 3149 2877 ita
3212 2810 3295 2877 ut
3317 2862 3336 2891 ,
3404 2804 3689 2879 diversis
3750 2803 4103 2879 vocabulis
4162 2803 4444 2879 eandem

1421 2946 1568 2997 rem
1618 2921 2061 3022 reprobantes
2076 2982 2096 3011 ,
2147 2924 2244 2997 810
2298 2914 2509 2996 8118111
2568 2921 2859 2997 eandem
2910 2945 3060 2995 rem
3107 2920 3391 3006 diversis
3455 2923 3803 2998 vocabulis
3860 2923 4243 2997 laudemus.
4339 2922 4446 2996 De

1423 3042 1648 3117 verbis
1696 3050 1929 3117 autem
1974 3066 2136 3117 cum
2200 3041 2336 3123 illis
2397 3041 2753 3141 disputare
2772 3099 2792 3129 ,
2842 3041 3194 3145 ingratum
3252 3042 3446 3121 foret.
3548 3044 3817 3119 Sufficit
3864 3038 4080 3133 mihi,
4130 3044 4190 3117 si
4234 3040 4409 3116 illud
4430 3101 4447 3127 ,

1423 3162 1611 3259 quod
1678 3162 1868 3260 apud
1934 3186 2050 3235 me
2093 3159 2541 3265 philosophia
2605 3168 2745 3249 est,
2818 3160 3161 3259 quidquid
3209 3162 3490 3237 tandem
3540 3163 3783 3238 eodem
3837 3162 4116 3237 nomine
4157 3160 4247 3236 ab
4297 3160 4451 3234 aliis

1422 3282 1887 3381 significatum
1937 3282 2027 3355 sit
2069 3289 2193 3355 aut
2236 3280 2663 3380 significetur
2702 3280 2931 3355 adhuc
2949 3338 2969 3368 ,
3018 3305 3157 3356 non
3197 3282 3417 3357 modo·
3445 3306 3584 3357 non
3628 3306 3777 3357 esse
3820 3280 4263 3382 ejiciendum,
4318 3281 4444 3353 sed

1419 3408 1656 3476 contra
1723 3400 2017 3475 civitatis
2071 3401 2227 3500 jure
2287 3399 2689 3475 donandum
2707 3459 2726 3487 ,
2788 3400 2932 3475 imo
2994 3425 3036 3475 a
3092 3402 3517 3477 nostratibus
3566 3426 3837 3500 semper
3882 3425 4026 3475 esse
4068 3398 4405 3473 donatum
4426 3459 4453 3495 ,v

1423 3521 1800 3618 perspicuis
1840 3522 2267 3619 argumentis
2305 3520 2930 3595 demonstraverim.
3029 3520 3147 3593 Ad
3183 3521 3633 3619 paucissimos
3670 3521 3855 3609 illos,
3906 3521 4029 3619 qui
4062 3519 4449 3617 philosophi

1427 3640 1882 3736 appellatione
1927 3638 2155 3711 ornati
2197 3645 2361 3711 sunt
2377 3696 2396 3726 ,
2445 3663 2585 3711 non
2632 3638 3013 3736 provocabo
3026 3672 3044 3726 ς
3096 3648 3427 3739 apparent
3476 3642 3662 3715 enim
3706 3640 3841 3714 rari
3884 3648 4131 3713 nantes
4166 3638 4240 3712 in
4284 3662 4445 3737 gur-

1425 3758 1570 3855 gite
1613 3763 1841 3845 vasto;
1891 3781 2018 3831 nec
2067 3758 2257 3855 quod
2303 3780 2486 3857 unus
2534 3756 2707 3831 alter
2752 3755 2865 3831 1110
2911 3758 3122 3832 0011111
3164 3760 3604 3833 vernaculum
3649 3760 3901 3833 idcirco
3945 3758 4083 3832 dici
4125 3766 4443 3831 meretur.

1407 3876 1534 3950 ·De
1586 3876 1897 3954 Srnvosa
1945 3901 2033 3950 ne
2073 3876 2360 3951 verbum
2405 3876 2683 3975 quidem
2704 3934 2725 3965 ,
2777 3876 2977 3973 quasi
3026 3877 3140 3951 ille
3204 3880 3558 3966 ostendat,
3606 3877 4108 3977 philosophiam
4154 3878 4441 3951 Batavo-

1428 4019 1584 4069 rum
1630 4020 1840 4093 quam
1887 3998 2180 4071 maxime
2215 4020 2364 4071 esse
2404 3997 2786 4097 propriam,
2837 4005 2908 4091 81
2938 3997 3027 4071 ab
3062 3997 3150 4072 iis
3181 3998 3462 4073 demum
3499 3998 3573 4072 in
3611 3996 4053 4071 Germaniam
4092 3996 4437 4095 migrasse.

1427 4112 1558 4188 Est
1598 4115 1782 4190 enim
1832 4139 2016 4189 unus
2065 4116 2179 4189 ille
2220 4115 2295 4190 in
2343 4117 2583 4214 paucis
2595 4150 2612 4203 ;
2664 4123 2736 4189 et
2786 4115 2921 4214 ipsi
2959 4116 3323 4216 judicetis,
3380 4136 3550 4192 num
3595 4118 3723 4192 hac
3764 4118 3838 4189 in
3894 4124 4089 4191 tanta
4131 4140 4204 4189 re
4262 4138 4440 4188 unus

1425 4235 1638 4309 totius
1701 4236 1942 4334 populi
1997 4260 2276 4309 causam
2340 4236 2563 4311 dicere
2629 4236 2861 4335 possit.
2962 4236 3055 4309 Et
3103 4254 3197 4311 ea·
3230 4238 3449 4336 ipsius
3508 4238 3682 4313 ratio
3742 4263 3820 4311 ac
3888 4234 4249 4334 disciplina
4296 4244 4437 4318 est,

1423 4362 1544 4441 ut,
1595 4354 1654 4428 si
1693 4380 1734 4429 a
1769 4364 1976 4454 gente
2019 4364 2252 4439 nostra
2289 4356 2581 4430 alienam
2626 4380 2773 4430 esse
2809 4380 2962 4430 eam
3006 4358 3359 4445 confitear,
3407 4358 3630 4455 ipsam
3669 4363 3902 4429 tamen
3938 4352 4437 4452 philosophiam

1423 4498 1510 4544 ex
1552 4473 1822 4547 civitate
1868 4474 2059 4549 haud
2102 4475 2504 4572 expulerim.
2604 4476 2957 4576 Exemplis
3001 4502 3148 4551 rem
3195 4502 3419 4551 meam
3466 4500 3609 4550 non
3650 4473 4104 4561 confirmab03
4158 4472 4441 4546 certiora

1425 4596 1623 4677 sunt,
1674 4592 1928 4688 quibus
1987 4618 2100 4668 me
2159 4594 2546 4669 defendam.
2646 4597 2756 4669 De
2810 4597 3219 4670 nostratium
3269 4596 3499 4670 indole
3544 4596 3716 4669 nihil
3768 4594 4016 4669 attinet
4070 4592 4437 4675 disserere;

1422 4708 1644 4806 qualis
1711 4710 1836 4797 sit,
1907 4712 2155 4809 cuique
2222 4724 2526 4789 vestrum
2576 4740 2714 4789 non
2761 4741 2845 4790 ex
2892 4716 3518 4816 argumentatione,
3563 4716 3694 4811 ⁸sed
3735 4740 3818 4789 ex
3858 4714 4105 4787 intimo
4146 4710 4439 4809 pectoris

1419 4826 1628 4902 sensu
1673 4835 1743 4903 81
1784 4833 2070 4927 perenni
2117 4833 2294 4907 vitae
2337 4860 2497 4909 cum
2542 4836 2691 4909 aliis
2736 4836 3232 4928 consuetudine
3282 4835 3719 4909 notissimum
3780 4844 3903 4908 est.
4006 4832 4161 4905 Hoc
4216 4854 4437 4903 unum
