4967 6217
1733 722 2348 815 ‚ORATIQ
3487 727 3569 791 ω

637 939 846 1005 semet
890 934 1058 1029 ‚ipse
1115 932 1556 1007 coniecturam
1585 932 1866 1027 fecisse.
1963 932 2276 1031 Namque
2315 933 2444 1005 etsi
2486 932 2563 1003 in
2616 930 2899 1005 Graecis
2942 930 3379 1031 scriptoribus
3424 931 3553 1004 lec'-

641 1053 928 1125 titanclis
968 1059 1040 1126 et
1083 1054 1158 1125 in
1205 1050 1504 1127 Platone
1543 1058 1704 1125 ante
1744 1075 1964 1124 omnes
2003 1053 2274 1125 multum
2313 1058 2619 1125 versatus
2658 1056 2763 1123 est
2776 1107 2795 1136 ,
2846 1052 2977 1123 etsi
3014 1058 3270 1123 tantum
3304 1050 3552 1123 iudicio

637 1170 823 1245 valet
887 1178 968 1244 ut
1021 1172 1198 1245 locos
1249 1170 1424 1245 male
1477 1170 1740 1241 habitos
1781 1171 2119 1267 saqaciter
2155 1171 2483 1268 indaqare
2504 1170 2765 1266 possit,
2814 1171 2945 1243 etsi
2985 1171 3335 1243 multorum
3377 1166 3546 1241 loco-

636 1312 784 1361 rum
843 1290 1060 1365 labem
1113 1290 1570 1387 probabiliter
1623 1288 2135 1372 demonstravit,
2204 1294 2427 1360 tamen
2485 1289 2701 1383 operi,
2767 1291 2951 1386 quod
3000 1292 3296 1387 suscepit
3314 1346 3333 1375 ‚
3395 1296 3551 1361 erat

634 1410 856 1505 impar
874 1466 895 1495 ,
943 1410 1254 1507 quoniam
1295 1432 1426 1479 non
1465 1406 1592 1478 illa
1630 1406 1905 1479 valebat
1940 1407 2209 1503 antiqui
2251 1408 2574 1478 sermonis
2626 1408 2874 1479 Graeci
2925 1410 3213 1487 scientia
3260 1415 3332 1483 et
3378 1433 3503 1481 usu
3522 1466 3541 1494 ‚

635 1533 713 1598 ut
749 1528 824 1598 in
862 1526 1144 1623 sinqulis
1184 1526 1346 1598 locis
1391 1523 1822 1617 emendandis
1840 1506 1883 1611 ,⁸
1907 1525 1992 1596 id
2027 1530 2132 1597 est
2173 1527 2246 1597 in
2286 1527 2439 1621 ipsa
2479 1525 2831 1620 scriptoris
2874 1550 3074 1598 manu
3121 1529 3503 1622 reponenda
3522 1584 3541 1611 ,

633 1668 852 1717 omnes
892 1646 1204 1717 veritatis
1249 1668 1553 1717 numeros
1595 1643 1936 1717 absolvere
1961 1640 1968 1647 ’
1966 1652 2204 1739 posset
2222 1678 2244 1717 .-
2311 1646 2545 1741 itaque
2585 1632 2659 1716 in
2698 1646 3076 1741 corruptela
3114 1653 3303 1718 certa
3348 1649 3543 1718 vanis

630 1762 1048 1857 &inionibus
1087 1763 1353 1835 ducitur
1374 1819 1395 1849 ‚
1444 1767 1517 1834 et
1561 1762 1857 1833 incertas
1881 1762 2172 1857 proiicit
2209 1762 2623 1835 coniecturas
2644 1821 2663 1850 ‚
2714 1788 2844 1835 non
2882 1765 3283 1856 manifestas
3322 1788 3537 1837 emen-

627 1881 935 1955 dationes
996 1907 1082 1956 eoe
1145 1885 1298 1979 ipsa
1368 1883 1500 1955 loci
1561 1882 1898 1955 sententia
1914 1938 1934 1968 ,
1999 1903 2123 1953 usu
2190 1882 2541 1977 scriptoris
2558 1938 2579 1969 ‚
2647 1883 2950 1955 lectionis
3017 1883 3303 1980 denique
3374 1884 3535 1955 reli-

628 2000 810 2099 quiis
855 2002 1061 2075 elicit.

531 2117 916 2193 Praeterea
983 2122 1167 2219 quod
1229 2121 1500 2193 Mureti
1570 2120 1934 2217 eoeemplum
2005 2120 2073 2192 ei
2117 2120 2538 2215 propositum
2606 2126 2762 2191 erat
2826 2120 2926 2192 ad
2988 2121 3380 2195 imitandum
3433 2122 3537 2193 ita

625 2238 925 2335 neqleu‘it
939 2294 1197 2323 ......
1247 2246 1326 2311 ut
1372 2240 1640 2311 etiamsi
1677 2244 1948 2311 caetera
1994 2238 2332 2311 luculenta
2357 2239 2669 2332 fuissent
2708 2240 2823 2311 vel
2860 2239 2988 2313 lcac
3036 2264 3173 2312 una
3212 2241 3297 2313 de
3329 2264 3539 2313 causa

629 2356 818 2428 nulla
865 2357 1014 2429 eius
1059 2359 1240 2445 ratio
1289 2358 1526 2431 baberi
1553 2360 1912 2455 potuisset.
2936 2372 2951 2387 ’

541 2475 791 2548 Contra
833 2475 1046 2551 altera
1089 2479 1577 2563 commentatiO,
1627 2480 1736 2550 cui
1772 2476 2128 2574 wmbolum
2171 2483 2326 2549 erat
2343 2509 2364 2547 .·
2437 2476 2535 2548 Es
2577 2474 2703 2547 irrt
2742 2474 2865 2548 der
2898 2475 3193 2549 Mensch
3230 2498 3305 2548 so
3345 2475 3531 2573 lang'

619 2617 694 2666 er
763 2593 982 2667 strebt
995 2628 1016 2683 3
1085 2596 1312 2669 multis
1381 2597 1754 2668 nominibus
1819 2596 2067 2667 Ordini
2103 2594 2379 2689 placuit
2432 2600 2505 2667 et
2548 2596 2730 2670 visus
2772 2599 2877 2667 est
2919 2599 3153 2666 auctor
3192 2596 3276 2666 id
3316 2596 3532 2689 ipsum

617 2721 958 2788 assecutus
974 2772 994 2802 ,
1042 2715 1223 2813 quod
1267 2716 1341 2786 in
1383 2715 1502 2787 boc
1531 2739 1782 2813 qenere
1818 2714 1906 2787 ab
1945 2714 2360 2787 adolescente
2393 2714 2707 2809 optimum
2746 2714 3127 2808 eoespectari
3164 2719 3237 2784 et
3264 2716 3535 2808 sperari

609 2839 903 2929 poterat.
1003 2833 1348 2935 Apparuit
1384 2858 1529 2905 eum
1569 2836 1879 2930 optimum
1922 2856 2242 2930 quemque
2283 2833 2674 2929 scriptorem
2722 2834 3049 2904 Graecum
3093 2832 3211 2904 diu
3248 2857 3331 2903 ac
3368 2834 3533 2903 mul-

625 2958 760 3023 tum
808 2952 1076 3023 trivisse
1117 2957 1190 3024 et
1227 2975 1302 3023 eo
1343 2952 1609 3049 inqenio
1648 2958 1875 3023 natum
1920 2975 2064 3024 esse
2103 2958 2182 3023 ut
2215 2952 2393 3050 quod
2431 2957 2610 3023 esset
2652 2952 2727 3023 in
2767 2952 3054 3049 eqreqiis
3101 2951 3539 3047 scriptoribus

618 3072 904 3172 manime
941 3071 1273 3167 eqreqium
1295 3071 1577 3167 penitus
1595 3072 2127 3168 persentisceret
2161 3094 2242 3143 ac
2279 3076 2458 3142 totus
2494 3071 2905 3143 Graecarum
2934 3068 3279 3143 Littarum
3312 3094 3539 3144 amore

617 3190 924 3275 arderet,
997 3190 1238 3262 deinde
1297 3192 1626 3265 rationem
1684 3198 1755 3263 et
1815 3214 2000 3263 usum
2070 3191 2484 3264 Graecitatis
2542 3194 2857 3261 accurate
2906 3195 3135 3262 tenere
3156 3246 3175 3275 ,
3242 3196 3322 3261 ut
3355 3192 3540 3288 quod

615 3314 790 3381 esset
853 3308 1384 3381 Amsmopnmn
1406 3366 1427 3397 ,
1489 3310 1964 3396 Taucrmmz,
2021 3310 2405 3394 ΡιΑΤοΝΕ,
2467 3306 2977 3380 ΧΕΝοΡΗοΝΤΕ
3024 3316 3108 3381 et.
3140 3309 3534 3406 aequalibus

610 3427 952 3524 indiqnum
1009 3430 1212 3501 certis
1263 3429 1534 3501 indiciis
1581 3429 2108 3523 deprehenderet
2167 3433 2241 3501 et
2279 3427 2460 3524 quod
2504 3427 2590 3498 ab
2644 3449 2865 3498 eorum
2910 3451 3110 3499 manu
3146 3430 3531 3523 profectum

614 3552 788 3617 esset
833 3546 1126 3618 evidenti
1169 3547 1574 3618 correctione
1614 3553 1982 3643 reponeret.
2083 3546 2426 3641 Apparuit
2467 3568 2613 3616 eum
2654 3545 3117 3642 circumspecto
3156 3546 3403 3617 iudicio
3446 3572 3530 3619 ea

614 3664 945 3736 delibasse
989 3689 1166 3761 quae
1205 3670 1394 3737 certa
1434 3665 1813 3737 viderenter
1855 3671 1928 3737 et
1959 3665 2236 3738 convelli
2277 3688 2408 3735 non
2433 3685 2641 3759 posse
2660 3695 2683 3732 .·
2730 3664 2805 3735 in
2842 3687 2978 3759 qua
3019 3689 3098 3736 re
3133 3688 3531 3762 quamquam

615 3806 760 3855 eum
803 3784 1082 3856 subinde
1127 3786 1310 3857 ratio
1335 3784 1539 3882 fuqit
1575 3790 1646 3855 et
1683 3808 2164 3884 nonnumquam
2200 3785 2667 3857 correctionem
2712 3784 2953 3876 effudit
2971 3839 2991 3868 ,
3038 3808 3238 3882 quam
3286 3786 3535 3857 delebit

617 3904 761 3975 dies
801 3928 1130 4002 quamque
1178 3904 1324 4002 ipse
1371 3904 1734 4001 aliquando
1779 3904 2167 4001 repudiabit
2211 3904 2575 3977 maturiore
2624 3902 2872 3973 iudicio
2923 3909 2995 3974 et
3031 3904 3286 3975 maiore
3328 3905 3532 3977 etiam

621 4024 1040 4095 Graecitatis
1087 4046 1212 4095 usu
1245 4048 1330 4096 eoe
1374 4024 1654 4096 assidua
1698 4024 1980 4097 lectione
2025 4024 2294 4097 collecto
2313 4080 2334 4111 ‚
2383 4030 2605 4095 tamen
2647 4022 2721 4092 in
2761 4044 2996 4119 maqno
3042 4046 3311 4095 numero
3353 4023 3523 4095 loco-

612 4162 758 4210 rum
782 4196 801 4225 ,
870 4141 1110 4238 quibus
1173 4141 1565 4214 medicinam
1627 4140 1928 4213 criticam
1990 4140 2337 4226 adhibuit,
2387 4142 2753 4238 plerosque
2816 4141 2921 4212 ita
2972 4143 3383 4239 persanavit
3452 4150 3528 4214 ut

609 4256 772 4328 illas
830 4260 1322 4332 emendationes
1381 4260 1567 4332 nulla
1611 4283 1918 4357 umquam
1959 4260 2388 4356 poenitentia
2435 4266 2560 4331 aut
2604 4260 2843 4332 oblivio
2890 4260 3251 4333 obliterare
3280 4262 3524 4356 possit.

515 4374 832 4473 Denique
894 4401 1069 4474 quae
1133 4384 1330 4451 acute
1397 4384 1470 4451 et
1525 4379 1862 4475 inqeniose
1909 4380 2202 4475 reperit,
2274 4403 2357 4450 ea
2417 4381 2743 4451 orationis
2792 4385 3136 4452 venustate
3182 4384 3254 4451 et
3302 4379 3525 4473 lepore
3656 4432 3667 4439 -

617 4495 926 4580 ornavit,
963 4503 1071 4567 ·ut
1123 4521 1346 4569 rerum
1381 4499 1882 4593 praestantiam
1937 4499 2258 4571 sermonis
2306 4499 2609 4571 suavitas
2631 4500 2802 4592 fere
2843 4504 3188 4594 aequaret.
3287 4498 3526 4569 Mure·

611 4618 748 4684 tum
785 4621 1005 4687 autem
1051 4617 1150 4688 sic
1187 4616 1491 4688 imitatus
1531 4622 1636 4688 est
1673 4622 1753 4687 ut
1787 4618 1997 4713 (quod
2028 4620 2314 4689 maoeime
2363 4617 2547 4689 Ordo
2590 4619 2665 4687 in
2700 4616 2977 4689 Mureto
3020 4617 3523 4689 commendando

609 4738 1056 4829 spectaverat)
1115 4734 1386 4807 lectoris
1433 4736 1720 4807 animum
1756 4738 2154 4829 festivitate
2202 4736 2494 4835 quadam
2540 4736 2819 4809 iuvenili
2866 4744 2937 4809 et
2978 4736 3366 4809 urbanitate
3409 4737 3518 4807 ob-

607 4852 894 4926 lectaret
912 4910 932 4940 ‚
997 4878 1117 4927 nec
1171 4856 1394 4929 ieiune
1439 4856 1878 4929 correctiones
1919 4856 2423 4941 adnumeraret,
2473 4855 2655 4953 quod
2690 4856 2756 4929 ei
2778 4855 3094 4949 feliciter
3146 4855 3347 4928 cessit
3393 4878 3522 4925 non

3102 4977 3141 5045 5
