4967 6217
1355 682 1393 742 s
1689 634 1696 639 ’
2331 669 2661 739 mcoLAI
2703 670 3168 739 cnalsrmm
3212 668 3403 741 Kisr

1426 883 1606 957 -Nec
1650 882 1904 955 desunt
1943 874 2247 979 profecto
2263 934 2284 965 ,
2333 902 2513 977 quae
2561 883 2715 953 tuto
2762 876 2950 952 dicas
2996 879 3195 977 siqua
3237 877 3553 974 temporis
3598 879 3833 950 nostri.
3930 876 4019 949 In
4074 876 4183 950 his
4228 901 4387 951 vero
4482 860 4487 863 ¹

1353 1024 1576 1078 unum
1594 1058 1616 1091 ,
1679 999 1867 1098 quod
1925 1021 2152 1097 neque
2195 1020 2316 1071 vos
2379 996 2668 1096 effugit,
2738 1004 3080 1097 quotquot
3126 994 3513 1094 Religionis
3573 1019 3653 1070 ac
3700 994 4153 1069 humanitatis
4216 997 4383 1071 estis

1351 1120 1761 1197 amantiores
1778 1176 1800 1206 ,
1864 1142 2092 1214 neque
2135 1140 2366 1197 meam
2411 1140 2555 1191 non
2621 1117 2879 1215 potuit*
2897 1116 3249 1190 advertere
3314 1120 3621 1188 mentem
3686 1137 3979 1211 eamque
4044 1137 4381 1211 saepenu-
4431 1178 4441 1190 .

1353 1263 1541 1313 mero
1603 1261 2009 1336 suspensam
2059 1214 2324 1309 teneres
2415 1234 2575 1308 Hoc
2640 1234 2791 1307 volo
2850 1234 2939 1310 A.
2982 1234 3067 1308 A.
3131 1258 3287 1307 eam
3340 1248 3527 1307 nunc
3592 1256 3741 1306 esse
3798 1232 4217 1330 populorum
4282 1234 4388 1307 vel

1351 1356 1892 1431 cultissimorum
1951 1353 2418 1428 conditionem
2483 1353 2835 1451 vitamque
2905 1352 3233 1427 moralem
3246 1410 3267 1441 ,
3341 1359 3423 1425 ut
3484 1357 3761 1425 sanctae
3831 1348 4217 1449 Religionis
4284 1352 4387 1425 vis

1353 1478 1662 1551 benefica
1710 1472 2009 1548 subinde
2065 1472 2313 1547 misere
2370 1472 2611 1559 lateat3
2678 1477 2750 1545 et
2802 1470 2961 1545 licet
3021 1493 3103 1544 ea
3153 1471 3244 1543 sit
3291 1468 3581 1543 felicitas
3632 1467 3961 1567 temporis
4005 1468 4257 1558 nostri,
4306 1476 4387 1543 ut

1351 1593 1724 1669 revixerint
1753 1594 1942 1690 apud
1969 1594 2367 1665 innumeros
2401 1590 2717 1665 homines
2743 1589 3125 1688 Religionis
3156 1587 3660 1687 Euangeliique
3698 1611 3891 1661 amor
3927 1612 4007 1662 ac
4042 1587 4388 1675 studium,

1354 1714 1524 1787 haec
1564 1720 1800 1786 tamen
1850 1712 1948 1786 sic
1993 1710 2318 1784 revixisse
2333 1766 2353 1796 ,
2420 1716 2501 1783 ut
2550 1709 2759 1783 simul
2810 1707 3225 1782 invaluerint
3264 1706 3453 1781 rixae
3466 1765 3488 1795 ,
3552 1714 3920 1781 renovatae
3969 1706 4109 1781 sint
4150 1706 4389 1781 factio-

1354 1856 1479 1906 nes
1498 1890 1518 1919 ,
1586 1839 1659 1905 et
1723 1830 2166 1905 dominentur
2231 1828 2436 1902 hodie
2504 1828 2731 1921 ubivis
2798 1827 2956 1926 plus
3022 1851 3234 1926 quam
3300 1826 3682 1925 theologica
3734 1826 3914 1902 odia.
4015 1826 4238 1901 Cuius
4287 1828 4441 1901 rei‘

1361 1949 1792 2053 tristissimae
1834 1950 2152 2049 princeps
2201 1947 2445 2023 saltem
2496 1973 2576 2022 ac
2621 1946 2991 2047 praecipua
3042 1969 3317 2033 caussa,
3384 1969 3546 2019 cum
3589 1945 3665 2019 in
3708 1944 3888 2020 male
3930 1944 4280 2019 intellecta
4324 1953 4397 2019 et

1356 2068 1669 2143 adhibita
1715 2068 2098 2166 Religionis
2141 2067 2374 2141 indole
2415 2067 2661 2153 lateat,
2730 2064 3044 2163 adeoque
3109 2064 3353 2139 eadem
3402 2063 3520 2138 illa
3572 2063 3696 2152 sit,
3771 2088 3951 2161 quae
4012 2064 4205 2139 omni
4252 2064 4393 2139 fere

1351 2196 1662 2286 tempore
1711 2188 1812 2262 rei
1858 2188 2290 2261 Christianae
2336 2185 2603 2260 cladem
2642 2184 3118 2283 gravissimam
3160 2183 3435 2270 intulit,
3486 2206 3731 2280 operae
3770 2181 4053 2256 omnino
4094 2182 4395 2281 pretium

1356 2307 1702 2401 facturum
1771 2331 1883 2380 me
1936 2331 2132 2405 spero
2151 2364 2172 2394 ,
2243 2305 2303 2379 si
2357 2304 2536 2378 hanc
2578 2327 2893 2377 caussam
2936 2302 3254 2379 historice
3311 2299 3507 2375 vobis
3569 2299 3957 2398 explicandi
4012 2301 4396 2399 periculum

1353 2426 1622 2501 faciam.
1751 2426 2000 2499 Dicam
2070 2424 2322 2522 igitur:
2406 2426 2493 2497 de
2568 2422 2840 2496 multum
2919 2447 3177 2523 semper
3238 2422 3564 2519 hodieque
3637 2420 3955 2517 neglectis
4018 2418 4401 2518 Religionis

1368 2545 1800 2618 Christianae
1845 2545 2069 2641 indple
2109 2552 2314 2643 atque
2357 2565 2629 2615 munere
2653 2542 3010 2637 practicis.
3110 2542 3204 2613 Et
3251 2539 3477 2613 dicam
3520 2536 3807 2635 quidem
3822 2594 3843 2625 ,
3885 2536 4395 2612 Humanissimi

1355 2662 1766 2735 Auditores!
1839 2684 1980 2734 non
2057 2668 2138 2733 ut
2203 2658 2513 2746 voluero,
2592 2658 2717 2731 sed
2786 2664 2869 2731 ut
2945 2664 3184 2757 potero
3196 2690 3217 2745 ;
3294 2664 3369 2730 at
3440 2656 3579 2730 Dei
3664 2655 3919 2730 auxilio
3993 2656 4355 2755 vestraque
4374 2716 4396 2745 ,

1356 2780 1628 2855 dudum
1666 2778 1839 2852 mihi
1865 2778 2142 2877 cognita
2155 2836 2175 2866 ,
2225 2760 2704 2851 benevolentia
2739 2775 2987 2864 fretus,
3037 2777 3119 2849 ea
3154 2784 3312 2851 utar
3344 2775 3559 2850 animi
3600 2774 4013 2874 dicendique
4046 2775 4360 2851 libertate
4374 2834 4396 2865 ,

1356 2922 1570 2995 quam
1616 2896 1723 2970 uti
1765 2896 1866 2971 rei
1908 2896 2208 2995 gravitas
2226 2952 2246 2982 ,
2295 2893 2394 2967 ita
2434 2891 2761 2989 temporis
2774 2948 2795 2979 ,
2845 2891 3034 2989 quod
3077 2890 3371 2967 vivimus
3386 2949 3404 2983 ,
3452 2893 3821 2967 necessitas
3862 2901 3935 2968 et
3982 2919 4140 2970 vero
4187 2893 4396 2995 hujus

1255 3080 1263 3088 .
1357 3014 1744 3092 cathedrae
1793 3014 2482 3115 Lugduno-Batavae
2532 3012 2834 3111 dignitas
2881 3018 2954 3085 et
3000 3011 3369 3086 auctoritas
3416 3011 3795 3110 postulant.

1457 3490 1830 3590 Duplicem
1857 3498 2110 3573 ,autem
2150 3490 2548 3592 argumenti
2591 3487 2929 3563 rationem
2974 3486 3072 3562 sic
3115 3487 3441 3587 bipertita
3487 3490 3713 3566 omnis
3764 3496 4090 3591 sequetur
4142 3491 4443 3581 oratio,..

1362 3618 1448 3685 ut
1502 3609 1740 3683 statim
1790 3611 2074 3708 quidem
2117 3611 2194 3683 id
2207 3668 2228 3698 ,
2277 3611 2468 3708 quod
2515 3609 2590 3681 in
2637 3605 3030 3681 Christiana
3074 3606 3436 3707 Religione
3486 3611 3765 3685 omnino
3830 3634 4186 3685 summum
4248 3618 4355 3686 est
4372 3668 4393 3698 ,
4443 3630 4455 3637 ·

1362 3752 1490 3827 pro
1539 3726 1800 3801 viribus
1853 3728 2046 3801 vobis
2095 3754 2454 3828 exponam.
4104 3812 4113 3819 ,

1464 3846 1737 3925 Quodsi
1797 3847 2132 3922 affirmem
2185 3847 2436 3947 igitur,
2504 3846 2811 3921 divinam
2868 3845 3046 3922 hanc
3096 3847 3533 3947 Religionem
3594 3848 3785 3923 omni
3839 3872 3966 3922 sua
3998 3847 4255 3923 -indole
4316 3872 4394 3922 ac

1363 3964 1825 4040 destinatione
1871 3967 2154 4041 omnino
2197 3968 2569 4066 practicam
2602 3990 2749 4041 esse
2764 4025 2785 4055 ,
2837 3968 2977 4041 scio
3024 3967 3308 4066 quidem
3346 3968 3445 4043 nil
3494 3992 3607 4041 me
3645 3966 3943 4043 inauditi
3986 3968 4095 4041 vel
4141 3966 4396 4042 insueti

1359 4082 1660 4185 proferre
1682 4143 1702 4172 ,
1772 4083 1947 4159 nihil
2001 4070 2173 4161 adeo
2187 4144 2208 4175 ,
2283 4086 2482 4162 cuius
2540 4110 2680 4161 non
2738 4085 2918 4159 ultro
2978 4086 3332 4175 omnibus,
3400 4086 3657 4161 sincere
3720 4087 3911 4161 illam
3968 4085 4352 4161 colentibus
4372 4142 4391 4172 ,

1293 4230 1327 4271 -,
1361 4204 1541 4279 clam
1603 4202 1900 4277 insideat
1951 4204 2165 4277 animi
2215 4203 2596 4303 persuasio:
2663 4212 2738 4278 at
2789 4204 2895 4279 vel
2938 4204 3034 4279 sic
3094 4204 3257 4280 talia
3304 4203 3547 4295 simul,
3594 4230 3772 4304 quae
3818 4212 3890 4279 et
3924 4205 4056 4279 alio
4107 4204 4281 4278 verti
4326 4212 4395 4278 et

1363 4328 1600 4397 contra
1659 4347 1887 4397 meam
1949 4329 2259 4397 mentem
2309 4322 2607 4422 intelligi
2665 4321 2862 4397 facile
2920 4322 3206 4422 possint.
3306 4326 3541 4401 Quare
3601 4349 3741 4422 quo
3798 4323 4025 4422 magis
4086 4330 4392 4409 constet,

1367 4464 1578 4538 quam
1624 4442 1898 4539 agimus
1919 4500 1938 4530 ‚
2011 4466 2290 4531 caussa,
2341 4450 2503 4516 ante
2554 4442 2792 4540 paucis
2856 4442 3043 4517 illam
3103 4442 3387 4517 definire
3444 4466 3654 4540 quam
3714 4440 3996 4514 uberius
4062 4441 4393 4538 explicare

1369 4557 1657 4633 iuvabit.
1708 4604 1807 4619 —-
1854 4560 2051 4640 Quid
2093 4560 2355 4661 igitur?
2449 4562 2569 4635 An
2623 4561 3053 4637 Christianae
3094 4561 3443 4662 Religioni
3484 4560 3791 4635 indolem
3831 4559 4201 4658 practicam
4244 4558 4391 4632 vin·

1372 4677 1609 4751 dicans
1629 4734 1649 4764 ,
1728 4678 1904 4751 illud
1971 4679 2110 4753 iam
2176 4706 2338 4780 ag0,
2425 4688 2507 4757 ut
2584 4682 2909 4757 Divinam
2976 4682 3156 4757 hanc
3234 4681 3757 4756 Institutionem
3832 4685 4241 4775 argumento
4314 4702 4394 4751 ac

1367 4795 1721 4895 principiis
1777 4800 2347 4899 comtemplativis
2394 4809 2519 4879 aut
2570 4802 2959 4879 theoreticis
3004 4801 3287 4879 omnino
3332 4824 3559 4878 carere
3597 4796 4033 4898 perhibeam
4084 4804 4169 4871 Ut
4222 4796 4393 4872 adeo
