4967 6217
1829 669 2380 749 οΒΑτια
2618 690 2627 695 ·
2888 608 2897 617 ⁹
3530 668 3615 747 u

590 882 794 974 nobis
845 882 1117 983 Religio
1181 882 1342 971 erit,
1393 883 1578 957 unde
1593 941 1614 971 ‚
1683 886 1793 960 vel
1853 886 2088 961 invitis
2148 876 2581 973 hominibuS,
2650 889 2756 961 tot
2824 890 3155 983 tantaque
3220 885 3359 961 iam
3429 886 3613 962 bona

597 1012 930 1104 perpetuo
979 1010 1412 1078 emanarunt.

579 1172 584 1177 ἡ
690 1124 900 1199 Hanc
945 1149 1104 1197 vero
1162 1125 1442 1199 insitam
1503 1123 1638 1220 ipsi
1697 1122 2002 1197 divinam
2062 1124 2202 1197 vim
2243 1124 2699 1213 celebrantes,
2766 1148 2901 1199 non
2954 1130 3186 1199 tamen
3241 1104 3612 1224 possumus

595 1266 734 1318 non
756 1301 775 1331 ‚
854 1244 1314 1317 Christianam
1388 1242 1826 1340 Religionem
1900 1250 2042 1315 tam
2118 1241 2228 1315 sui
2291 1266 2495 1339 saepe
2558 1243 2963 1317 dissimilem
3034 1244 3617 1342 resarciendisque

600 1362 886 1435 humani
933 1363 1202 1457 generis
1243 1360 1448 1465 ‘malis
1496 1359 1832 1457 imparem
1879 1359 2132 1434 factam
2149 1418 2169 1446 ,
2219 1360 2474 1457 lugere.

699 1480 917 1557 Cuius
983 1478 1083 1551 rei
1155 1502 1470 1566 caussae,
1535 1480 1848 1577 quamvis
1891 1478 2064 1553 aliae
2137 1485 2300 1551 sunt
2369 1478 2548 1551 bene
2616 1480 2904 1568 multae,
2955 1480 3043 1555 A.
3088 1481 3178 1557 A.
3222 1525 3325 1543 -
3370 1482 3625 1578 quibus

601 1604 841 1696 sponte
894 1623 973 1671 ac
1028 1598 1407 1671 necessario
1473 1597 1734 1673 factum
1753 1657 1773 1686 ,
1838 1606 1918 1672 ut
1977 1600 2161 1672 lente
2222 1589 2507 1671 demum
2527 1656 2545 1685 ,
2612 1623 2873 1696 perque
2928 1599 3155 1672 nullos
3199 1624 3340 1673 non
3386 1625 3585 1673 casus
3607 1658 3624 1686 ,

596 1716 688 1793 ad
746 1717 1074 1790 maiorem
1123 1717 1611 1816 perfectionem
1663 1718 2101 1815 processerit,
2147 1760 2245 1773 --
2294 1716 2462 1791 haec
2517 1722 2748 1791 tamen
2802 1718 3120 1816 princeps
3137 1777 3156 1805 ,
3226 1718 3416 1816 quod
3471 1719 3629 1817 qui,

598 1858 721 1933 per
770 1835 1158 1910 seculorum
1207 1836 1574 1911 decursum
1590 1896 1609 1926 ‚
1675 1838 1852 1912 hanc
1899 1862 2024 1911 suo
2073 1837 2330 1934 singuli
2375 1836 2582 1910 modo
2633 1837 2950 1911 colebant
2992 1836 3402 1935 religionem
3452 1862 3631 1909 mor-

597 1955 806 2042 taleS‚
857 1980 944 2029 ex
981 1956 1168 2028 illius
1205 1956 1394 2029 fonte
1433 1957 1568 2031 alia
1601 1958 1832 2056 potius
1868 1958 2098 2032 omnia
2138 1954 2410 2030 haurire
2453 1956 2878 2043 studuerint,
2930 1982 3134 2053 quam
3184 1983 3265 2031 ea
3301 1956 3633 2042 maxime,

597 2096 896 2171 quorum
941 2075 1091 2172 ipsa
1136 2075 1398 2149 fontem
1443 2102 1515 2149 se
1557 2102 1635 2150 ac
1679 2076 2167 2177 scaturiginem
2213 2075 2418 2149 dicat.
2520 2076 2626 2148 Eo
2672 2099 2895 2173 usque
2942 2076 3272 2149 nimirum
3289 2134 3308 2163 ‚
3357 2075 3458 2148 nil
3498 2075 3633 2147 nisi

599 2217 775 2267 nova
804 2218 882 2265 ac
914 2192 1272 2266 sublimior
1301 2218 1528 2267 rerum
1564 2194 1952 2269 divinarum
1982 2193 2749 2292 metaphysicarumque
2785 2196 3151 2292 patefactio
3185 2196 3267 2269 ea
3304 2194 3637 2269 contineri

463 2312 472 2323 ’
601 2310 1009 2384 Christianis
1050 2312 1124 2385 in
1173 2336 1424 2409 genere
1467 2312 1694 2387 visum
1747 2322 1884 2403 est,
1935 2322 2048 2402 ut,
2097 2314 2308 2387 huius
2356 2313 2515 2385 fere⁴
2558 2313 2761 2387 unice
2816 2314 3141 2388 subtilius
3193 2310 3633 2411 explicandae

599 2454 680 2503 ac
731 2430 1180 2505 vindicandae
1231 2432 1464 2505 studio
1517 2433 1863 2530 occupati,
1927 2426 2358 2531 negligerent
2419 2431 2694 2504 interim
2762 2456 2842 2505 ac
2906 2457 3106 2529 saepe
3168 2432 3632 2528 despicerent,

597 2548 936 2647 quicquid
983 2540 1314 2647 praesidii
1359 2558 1430 2623 et
1469 2552 1918 2627 emolumenti
1961 2552 2052 2626 ad
2088 2550 2309 2647 ipsius
2348 2550 2527 2623 vitae
2573 2550 2961 2648 viriumque
3008 2550 3375 2623 moralium
3424 2549 3638 2647 expli·
3696 2648 3705 2655 .

601 2668 942 2743 cationem
991 2668 1494 2765 benignissime
1541 2670 1831 2767 largitur
1875 2669 2044 2743 haec
2089 2663 2435 2743 institutio
2481 2667 2640 2741 Dei.

699 2788 858 2861 Hoc
901 2812 1060 2861 vero
1111 2788 1171 2861 si
1215 2812 1402 2861 nunc
1446 2812 1683 2862 meum
1737 2796 1873 2875 est,
1922 2787 2162 2885 paucis
2218 2785 2574 2872 delibatis,
2624 2784 2843 2883 ipsius
2889 2786 3214 2861 historiae
3267 2810 3430 2860 voce
3480 2810 3635 2884 pro-

603 2910 799 2995 bare,
854 2907 1068 2981 tristis
1115 2908 1332 2981 fateor
1381 2908 1650 3005 agenda
1695 2905 1868 2979 mihi
1925 2930 2166 2980 caussa
2221 2902 2601 2989 incumbit3
2669 2910 2776 2991 at,
2846 2903 2906 2977 si
2972 2933 3006 2974 a
3021 2904 3363 3001 Magistra
3414 2902 3640 2977 vitae''

607 3038 760 3099 ver'e
799 3026 1116 3099 Historia
1157 3027 1444 3114 dicitur,
1492 3028 1592 3100 ita
1635 3025 1862 3117 utilis,
1912 3031 1996 3098 ut
2041 3023 2420 3099 necessaria
2466 3024 2769 3119 prorsus.

701 3145 805 3217 Eo
861 3152 1092 3218 tamen
1155 3146 1410 3220 tristior
1423 3204 1442 3234 ‚
1504 3168 1643 3243 quo
1705 3144 1910 3219 citius
1958 3144 2070 3219 hic
2083 3202 2104 3232 ,
2155 3168 2366 3241 quem
2415 3142 2602 3230 volo,
2656 3140 2941 3215 morbus
2986 3140 3391 3240 religionem
3441 3142 3637 3218 Chri·

605 3263 902 3338 stianam
948 3264 1220 3340 invasit.

677 3384 856 3457 'Iam
899 3382 1130 3482 ipsum
1174 3385 1490 3457 PAULUM
1511 3440 1530 3470 ,
1573 3383 1861 3455 novistis
1880 3440 1900 3469 ,
1939 3390 2176 3455 contra
2205 3383 2316 3455 sui
2349 3381 2676 3479 temporis
2703 3382 3149 3478 Dogmatices
3178 3381 3639 3477 arrogantiam

609 3502 854 3577 acriter
909 3502 1260 3575 monuisse
1295 3504 1383 3593 ¹).
1485 3502 1647 3577 Quo
1712 3508 1947 3574 autem
2005 3502 2154 3575 iure
2215 3500 2346 3573 hoc
2405 3499 2640 3573 fecerit
2658 3556 2677 3586 ,
2750 3505 3230 3597 quantumque
3276 3497 3643 3596 Euangelii

608 3620 1034 3717 simplicitati
1104 3646 1184 3693 ac
1247 3620 1587 3693 fructibus
1655 3620 1965 3693 nocuerit
2026 3619 2161 3692 ista
2231 3618 2593 3692 hominum
2666 3617 2847 3689 male
2915 3617 3342 3692 curiosorum
3408 3616 3640 3691 omnia

609 3738 905 3813 rimandi
955 3738 1202 3812 libido:
1256 3739 1330 3812 id
1375 3737 1690 3835 quidem,
1742 3762 1921 3835 quae
1962 3738 2164 3811 fluxit
2211 3737 2375 3811 inde
2423 3735 2935 3810 Christianismi
2984 3736 3355 3814 Orientalis
3399 3737 3636 3809 miser-

609 3859 784 3933 rima
849 3857 1024 3932 ratio
1042 3917 1061 3945 ,
1140 3858 1346 3933 cheul
1423 3858 1806 3932 luculenter
1871 3864 2187 3934 testatur.
2302 3858 2458 3930 Sive
2534 3856 2721 3931 enim
2792 3854 3278 3929 Gnosticorum
3346 3853 3640 3930 familias

613 4002 866 4077 magno
921 4002 1210 4075 numero
1273 3978 1492 4051 varias
1555 3973 1852 4077 spectes,
1925 3976 2052 4051 sivi
2107 3974 2673 4051 Manichaeorum
2732 3976 2869 4049 late
2927 3983 3279 4073 patentem
3304 4054 3309 4061 ,
3333 4000 3411 4049 ae
3463 3975 3640 4063 bene

610 4097 997 4171 ordinatam
1057 4098 1470 4171 Ecclesiam:
1543 4122 1780 4171 omnes
1846 4101 1917 4169 et
1982 4096 2290 4193 singulos
2347 4095 2643 4194 reperies
2696 4094 2978 4193 quidem
3000 4153 3019 4183 ‚
3088 4094 3217 4169 sua
3278 4094 3641 4193 phantasia

617 4216 828 4288 elatos
848 4274 868 4303 ,
914 4217 988 4288 in
1036 4217 1295 4289 Christi
1343 4216 1670 4314 religione
1713 4216 2038 4290 sublimia
2083 4215 2394 4313 quaevis:
2447 4215 2819 4291 Coelorum
2862 4240 3231 4289 numerum
3251 4272 3272 4303 ,
3322 4212 3641 4288 Universi
3717 4221 3723 4227 '

613 4336 946 4433 origineS,
1013 4336 1426 4411 Animarum
1479 4342 1744 4423 ortum,
1811 4334 1990 4408 Mali
2045 4359 2358 4421 causam,
2423 4334 2683 4407 Christi
2740 4334 2879 4407 iam
2946 4340 3331 4408 anteactam
3390 4332 3601 4406 vitam
3619 4389 3637 4419 ‚

615 4455 781 4541 alia,
831 4480 873 4528 a
921 4454 1470 4527 Christianorum
1514 4454 1758 4527 usibus
1806 4453 1916 4527 vel
1955 4454 2320 4528 remotiora
2336 4511 2357 4542 ,
2407 4461 2846 4553 quaerentes:
2896 4495 2994 4510 --
3040 4459 3112 4527 at
3162 4476 3385 4525 unum
3433 4451 3607 4525 illud
3621 4508 3639 4538 ‚

617 4560 809 4673 quod
855 4572 930 4645 in
981 4572 1364 4671 Euangelio
1411 4580 1646 4648 tamen
1699 4596 2054 4649 summum
2099 4582 2206 4649 est
2216 4582 2237 4663 ,
2285 4574 2583 4674 turpiter
2626 4573 3085 4671 negligentes:
3136 4597 3275 4673 quo
3316 4571 3643 4647 nimirum

703 4834 758 4911 ¹)
795 4832 830 4895 1
870 4837 949 4897 ad
981 4838 1250 4897 Tmorn.
1293 4836 1410 4899 VI:
1455 4840 1550 4898 20„
1589 4856 1642 4899 v.
