4967 6217
1272 734 1285 741 -
1420 683 1549 749 104
1657 730 1665 741 .
2502 678 2581 745 G.
2649 676 2726 741 A.
2794 674 3357 741 ENSCHEDE

1418 886 1723 988 protrahi
1780 885 2067 985 possint.
2184 883 2347 982 Ipse
2400 888 2637 958 autem
2690 881 3027 969 ostendit,
3077 879 3496 979 analyticum
3539 876 3740 951 illum
3783 876 4104 976 algebrae
4152 876 4242 991 in·
4279 902 4444 977 geo-

1420 1002 1704 1081 metrica
1749 999 2189 1100 indagatione
2247 1021 2455 1073 usum
2503 1023 2586 1074 eo
2626 1000 2908 1075 tendere
2929 1056 2951 1089 ‚
3002 1006 3083 1073 ut
3123 1003 3609 1096 superarentur
3639 996 3812 1070 fines
3826 1053 3849 1084 ,
3897 995 4157 1096 quibus
4201 1005 4444 1073 acutae

1422 1122 1546 1197 sed
1592 1119 1921 1220 speciales
1968 1117 2483 1218 disquisitiones
2525 1126 3034 1219 geometrarum
3071 1117 3208 1191 huc
3254 1140 3478 1215 usque
3519 1114 3813 1190 fuissent
3866 1114 4440 1214 circumscriptae.

1510 1240 1911 1316 Immensus
1956 1262 2243 1337 campus
2300 1261 2520 1312 novae
2573 1224 3038 1337 indagationis
3080 1235 3222 1311 iam
3261 1234 3543 1334 patebat
3584 1233 3958 1333 unicuique
4005 1234 4442 1309 Cartesianae

1420 1358 1805 1457 analyseos.
1832 1358 2077 1458 perito.
2177 1356 2319 1431 Sed
2362 1356 2479 1431 hic
2522 1380 2800 1455 quoque
2841 1363 3305 1456 apparuerunt
3346 1346 3805 1429 difficultates.
3905 1352 4162 1459 Solitae
4211 1378 4443 1454 opera·

1416 1477 1641 1552 tiones
1704 1476 2129 1577 algebraicae
2188 1475 2604 1551 deficiebant
2671 1476 2747 1549 in
2819 1475 3062 1549 multis
3123 1472 3568 1572 problematis
3590 1531 3611 1562 ‚
3679 1472 3754 1547 in
3825 1471 4082 1571 quibus
4151 1473 4445 1549 rationes

1422 1594 1693 1672 definiri
1736 1594 2085 1669 debebant
2129 1594 2598 1694 quantitatum
2635 1593 2903 1669 infinite
2937 1616 3343 1691 parvarum3
3396 1590 3634 1691 quales
3665 1598 3830 1665 sunt
3866 1615 3929 1666 v.
3966 1616 4036 1692 g.
4077 1580 4446 1691 particulae

1418 1714 1745 1791 minimae
1822 1714 2041 1789 lineae
2120 1714 2409 1789 alicuius
2480 1739 2752 1789 curvae.
2873 1712 3069 1787 Talia
3137 1736 3298 1786 vero
3375 1710 3805 1810 problemata
3887 1718 4132 1809 sponte
4217 1737 4446 1788 occur-

1418 1833 1703 1923 rebant,
1765 1858 1983 1933 eoque
2047 1833 2249 1933 plura
2266 1892 2287 1923 ,
2368 1857 2510 1934 quo
2580 1858 2707 1933 per
2773 1832 3066 1907 maiores
3139 1854 3548 1930 progressus
3607 1829 3682 1902 in
3751 1828 3964 1904 rebus
4018 1830 4324 1930 physicis
4381 1842 4450 1905 et

1420 1952 1835 2037 mechanicis
1882 1953 2305 2053 cogebantur
2352 1953 2609 2027 eruditi
2651 1952 3002 2051 explorare
3045 1949 3352 2025 indolem
3392 1948 3819 2024 diversorum
3863 1973 4201 2047 generum
4243 1950 4448 2025 linea·

1419 2098 1578 2147 rum
1640 2096 2003 2147 curvarum
2025 2130 2046 2161 ,
2114 2096 2411 2169 quarum
2468 2071 2918 2173 proprietates
2958 2070 3097 2144 hue
3149 2092 3370 2168 usque
3421 2090 3809 2165 numquam
3831 2054 3836 2059 ’
3857 2067 4134 2143 fuerant
4175 2070 4449 2146 investi-

1418 2200 1642 2291 gatae.
1766 2190 1985 2265 Multi
2070 2190 2544 2264 mathematici
2621 2190 2762 2264 iam
2832 2212 3036 2263 omne
3107 2187 3373 2286 ingenii
3456 2208 3750 2260 acumen
3833 2184 4262 2263 adhibebant
4280 2247 4301 2277 ,
4375 2199 4453 2264 ut

1418 2308 1761 2385 eiusmodi
1829 2307 2217 2384 defectibus
2267 2308 2514 2383 calculi
2567 2307 3068 2406 prospicerent3
3118 2304 3308 2404 quod
3360 2303 3674 2403 quamvis
3723 2306 3999 2404 saepius
4043 2305 4331 2383 feliciter
4371 2310 4454 2383 iis

1418 2427 1852 2515 succederet,
1921 2425 2443 2501 desiderabatur
2504 2430 2741 2499 tamen
2807 2423 3180 2498 methodus
3229 2419 3634 2495 universalis
3683 2419 3932 2496 calculi
3986 2425 4450 2522 quantitatum

1416 2547 1685 2623 infinite
1747 2530 2111 2645 parvarum
2137 2602 2158 2635 ,
2230 2567 2411 2645 quae
2478 2541 2870 2645 omnigenis
2927 2539 3455 2641 aequationibus
3501 2535 3910 2637 algebraicis
3951 2544 4450 2621 accommodari

1416 2674 1672 2766 posset.

1518 2784 1681 2858 Una
1740 2790 1847 2859 est
1905 2809 1963 2858 e.
1997 2784 2496 2885 multiplicibus
2541 2784 2782 2889 magni
2822 2784 3182 2859 anrom
3228 2781 3554 2858 laudibus
3573 2840 3596 2871 ,
3646 2783 3837 2881 quod
3881 2784 4154 2883 primus
4195 2785 4451 2858 invenit

1422 2902 1735 3001 analysin
1791 2901 2375 2978 infinitesimalem
2398 2960 2419 2992 ,
2488 2904 2718 3003 qualis
2777 2902 3258 3002 requirebatur
3309 2902 3403 2977 ad
3482 2901 3951 2978 doctrinarum
4023 2903 4452 2978 mathemati-

1202 3044 1215 3059 ·
1290 3071 1306 3085 ·
1428 3045 1667 3098 carum
1724 3020 2250 3099 incrementum.
2351 3021 2479 3095 Vir
2536 3030 2770 3098 tamen
2827 3020 3120 3097 eximius
3175 3028 3538 3120 tamquam
3607 3044 3935 3096 arcanum
3997 3021 4244 3097 celavit
4315 3022 4452 3121 pri·-

1419 3164 1619 3215 mum
1682 3139 2093 3216 methodum
2148 3140 2563 3239 analyticam
2613 3164 2812 3215 suam
2823 3173 2844 3231 3
2895 3165 3108 3240 quam
3161 3140 3448 3215 tandem
3471 3197 3494 3230 ,
3541 3163 3763 3239 paene
3815 3122 4050 3217 nolens
4113 3140 4406 3215 dixerim
4425 3198 4447 3229 ,

1424 3256 1688 3358 publici
1748 3257 1921 3332 iuris
1985 3256 2149 3333 fecit
2166 3315 2187 3348 ,
2254 3264 2628 3357 postquam
2689 3282 2771 3333 ea
2825 3281 2998 3331 usus
3057 3256 3282 3332 fuerat
3344 3257 3419 3332 in
3477 3257 3891 3333 difficillimis
3933 3256 4068 3331 illis
4117 3257 4443 3356 disquisi-

1416 3376 1726 3453 tionibus
1742 3435 1789 3468 ,.
1828 3400 2127 3477 quarum
2202 3384 2492 3453 eventus
2561 3376 3042 3452 memorabiles
3101 3376 3422 3479 exposuit
3470 3376 3545 3452 in
3600 3402 3805 3477 opere
3851 3376 4256 3466 immortali,
4305 3400 4445 3475 quo

1420 3497 1567 3597 agit
1632 3496 1721 3571 de
1765 3496 2017 3573 mundi
2060 3504 2431 3597 systemate
2450 3554 2472 3587 ‚
2529 3496 2858 3596 quodque
2900 3496 3383 3597 Philosophiae
3427 3500 3769 3573 naturalis
3797 3498 4154 3595 principia
4197 3494 4448 3569 mathe-

1424 3619 1677 3691 matica
1721 3614 2090 3714 inscripsit.

1518 3732 1669 3807 Diu
1738 3739 2113 3831 antequam
2186 3756 2365 3833 opus
2439 3733 2568 3809 hoc
2639 3734 2714 3809 in
2785 3733 3147 3835 publicum
3209 3734 3502 3834 prodiit,
3583 3744 3960 3835 antequam
4033 3736 4441 3810 an‘ronus

1425 3850 1771 3927 calculum
1818 3874 2026 3927 suum
2047 3854 2495 3951 staoeionalem
2539 3852 2974 3953 aliquatenus
3021 3878 3183 3929 cum
3239 3854 3404 3930 orbe
3464 3856 3738 3931 erudito
3791 3856 4410 3931 communicaverat
4423 3911 4442 3940 ‚

1426 3970 1600 4047 alter
1662 3970 1765 4045 vir
1821 3970 2111 4045 illustris
2168 3972 2600 4048 Ifflamrrus
2622 4031 2643 4061 ‚
2710 3971 2823 4047 via
2863 3972 3391 4072 philosophandi
3445 3975 3579 4050 sibi
3641 3974 3946 4075 propria,
3995 3973 4260 4048 invenit
4305 3997 4444 4047 me·
4555 3948 4594 3977 ⁴

1423 4089 1721 4165 thodum
1770 4088 2239 4179 subsimilem;
2291 4090 2415 4190 qui
2447 4090 2752 4167 calculus
2785 4115 3008 4166 novus
3047 4094 3532 4188 differentiales
3562 4094 3732 4169 item
3769 4116 4036 4169 nonum
4074 4093 4152 4166 in
4189 4114 4447 4167 annum

1420 4208 1902 4308 premebam-3
1966 4208 2094 4283 sed
2154 4209 2358 4285 citius
2416 4216 2652 4286 tamen
2715 4210 2973 4310 prodiit
3024 4236 3235 4309 quam
3293 4214 3654 4289 anrom
3675 4270 3696 4301 ,
3747 4212 3906 4311 qui,
3954 4210 4148 4310 quod
4195 4209 4444 4285 sensim

1422 4328 1651 4428 magis
1706 4326 2072 4428 magisque
2130 4329 2566 4406 intellectum
2629 4335 2842 4428 atque
2901 4331 3219 4429 agnitum
3271 4339 3377 4407 est
3391 4390 3412 4421 ,
3477 4331 3917 4407 Leibnitiano
3963 4330 4214 4429 aptiori
4261 4329 4440 4426 algo-
4525 4394 4540 4401 -

1422 4448 1677 4523 rithmo
1722 4447 1964 4523 cedere
2011 4446 2275 4525 debuit.
3269 4452 3274 4457 ’
3909 4538 3912 4541 g

1530 4566 1904 4657 Inventum
1981 4574 2219 4644 autem
2307 4567 2517 4645 hocce
2602 4568 2956 4668 analyseos
3025 4568 3556 4647 infinitesimalis
3639 4569 3934 4645 alterum
4015 4574 4443 4643 momentum

1430 4682 1748 4783 princeps
1808 4692 1915 4760 est
1980 4686 2056 4761 in
2122 4686 2407 4764 historia
2472 4687 2861 4763 matheseos
2874 4746 2896 4778 ‚
2965 4688 3153 4788 quod
3224 4712 3601 4765 memorare
3677 4688 4038 4765 debebam.
4149 4678 4447 4762 Maiores

1429 4764 1637 4879 cesam
1682 4803 1965 4881 fuerunt
2015 4804 2225 4881 huius
2283 4832 2638 4885 successus
2684 4832 2894 4907 quam
2935 4807 3318 4885 Cartesiani
3361 4808 3656 4898 inventi,
3709 4806 3898 4905 quod
3941 4808 4006 4883 ei
4050 4806 4446 4906 praeiverat.
