4967 6217
1783 691 2336 759 ORATIO.
3494 684 3575 753 65

549 908 619 974 et
667 900 930 989 obsint,
979 926 1106 977 nec
1148 901 1294 975 ulla
1340 906 1487 974 tam
1531 898 1954 974 detestabilis
1996 898 2212 998 pestis
2259 903 2393 986 est,
2445 919 2624 995 quae
2670 918 2809 968 non
2859 893 3120 968 homini
3162 894 3251 970 ab
3291 894 3569 969 homine

431 1100 442 1110 ,
547 1028 888 1095 nascatur.
988 1022 1119 1095 Est
1156 1022 1372 1120 igitur
1413 1019 1545 1093 hoc
1603 1019 1902 1094 maxime
1947 1018 2407 1093 necessarium
2425 1074 2446 1105 ,
2508 1040 2649 1091 non
2706 1022 2980 1090 tantum
3037 1024 3356 1095 naturam
3375 1073 3394 1103 ,
3447 1015 3573 1089 sed

546 1138 860 1213 homines
925 1140 1134 1214 etiam
1194 1139 1396 1213 nobis
1459 1137 1794 1233 subjicere
1855 1143 1928 1209 et
1984 1136 2077 1209 ad
2140 1160 2310 1209 usus
2370 1143 2640 1209 nostros
2702 1134 3078 1233 adjungere
3100 1191 3120 1221 ,
3191 1140 3293 1207 ut.
3332 1157 3570 1209 eorum

548 1257 798 1331 studiis
861 1284 972 1345 ea,
1048 1284 1228 1357 quae
1302 1264 1548 1331 natura
1609 1255 1951 1329 desiderat
1968 1312 1990 1341 ,
2063 1254 2334 1351 expleta
2405 1253 2894 1351 cumulataque
2932 1252 3377 1343 habeamus,
3448 1278 3574 1352 per

545 1377 992 1475 eosdemque,
1035 1377 1096 1449 si
1126 1375 1297 1474 quid
1324 1374 1736 1471 importetur
1770 1373 1970 1446 nobis
2007 1370 2426 1445 incommodi
2439 1428 2460 1459 ,
2504 1370 2985 1468 propulsemus
3024 1372 3569 1471 ulciscamurque

545 1520 662 1569 eos
679 1554 698 1582 ,
749 1495 871 1593 qui
912 1518 1155 1567 nocere
1195 1491 1396 1567 nobis
1436 1491 1664 1565 conati
1708 1500 1892 1565 sunt.
1995 1492 2208 1569 Quod
2256 1498 2336 1564 ut
2381 1490 2603 1565 facere
2650 1490 2991 1588 possimus
3006 1548 3029 1577 ,
3079 1515 3316 1564 eorum
3369 1489 3565 1564 indo-

544 1616 681 1688 lem
745 1638 1023 1687 noscere
1087 1612 1421 1687 debemus
1439 1670 1460 1700 ,
1531 1611 1744 1685 animi
1814 1610 2206 1685 affectiones
2279 1618 2349 1685 et
2414 1608 2829 1709 cupiditates
2896 1608 3153 1705 quibus
3218 1616 3567 1699 movetur,

543 1734 728 1831 leges
778 1731 1076 1827 denique
1095 1789 1114 1817 ,
1164 1731 1240 1805 id
1283 1738 1390 1805 est
1429 1737 1858 1805 constantem
1918 1738 1989 1805 et
2044 1737 2460 1829 perpetuum
2502 1727 2815 1802 ordinem
2830 1786 2849 1814 ,
2915 1729 3039 1826 qui
3080 1729 3155 1801 in
3210 1728 3569 1803 vehemen-

539 1850 807 1923 tissimo
841 1848 1050 1922 etiam
1085 1849 1300 1923 animi
1330 1850 1598 1948 impetu
1633 1849 2055 1924 observatur.
2135 1851 2286 1923 Nec
2324 1848 2398 1921 in
2440 1846 2731 1946 singulis
2766 1847 3165 1920 hominibus
3202 1847 3570 1921 consistere

541 1992 938 2065 possumus;
990 1968 1304 2066 inprimis
1347 1956 1848 2043 attendendum
1904 1969 1996 2042 ad
2057 1993 2298 2042 eorum
2354 1967 2952 2065 congregationem
2979 2024 2997 2053 ‚
3047 1966 3140 2039 ad
3192 1964 3571 2041 humanam

541 2096 610 2159 et
677 2086 948 2161 civilem
1013 2113 1191 2185 quae
1252 2086 1505 2160 dicitur
1569 2087 1983 2160 societatem.
2084 2087 2583 2185 Unusquisque
2648 2085 2840 2159 omni
2902 2109 3032 2183 ope
3084 2093 3294 2182 atque
3360 2108 3566 2183 opera

539 2206 912 2280 eniteretur
927 2264 946 2291 ,
997 2213 1078 2279 ut
1127 2206 1296 2280 alios
1341 2228 1580 2278 omnes
1627 2204 1761 2278 sibi
1803 2205 1963 2291 soli,
2015 2229 2180 2279 suae
2225 2230 2472 2279 causae
2520 2228 2785 2301 suoque
2842 2204 3308 2277 emolumento
3352 2203 3568 2302 subji-

537 2330 752 2411 ceret,
805 2324 940 2396 nisi
981 2324 1160 2397 duae
1197 2346 1307 2397 res
1342 2332 1604 2411 essent,
1654 2322 1910 2421 quibus
1943 2324 2340 2423 improbum
2367 2324 2544 2397 illud
2574 2323 2877 2421 privatae
2908 2320 3225 2394 utilitatis
3261 2321 3572 2395 studium

534 2450 901 2517 coercetur.
982 2442 1179 2516 Nihil
1203 2444 1388 2517 enim
1417 2443 1855 2549 appetentius
1886 2442 2215 2517 similium
2255 2443 2399 2531 sui,
2438 2441 2617 2515 nihil
2648 2440 2958 2538 rapacius
2974 2496 2993 2526 ,
3037 2464 3250 2536 quam
3289 2446 3567 2527 natura,

532 2584 658 2633 nec
725 2558 1108 2657 quidquam
1166 2567 1270 2633 est
1287 2618 1306 2648 ,
1373 2560 1563 2657 quod
1625 2561 1716 2633 ad
1773 2584 1854 2633 se
1904 2584 2050 2633 rem
2116 2560 2334 2635 ullam
2383 2567 2531 2635 tam
2592 2560 2845 2634 alliciat
2906 2566 2977 2632 et
3027 2566 3173 2633 tam
3228 2560 3565 2648 attrahat,

533 2704 748 2778 quam
787 2681 880 2754 ad
920 2679 1295 2755 amicitiam
1327 2679 1729 2755 similitudo,
1827 2680 1994 2778 Ipsa
2029 2686 2312 2767 natura,
2360 2679 2829 2777 praescribens
2845 2736 2865 2765 ,
2912 2685 2993 2751 ut
3028 2677 3234 2751 homo
3268 2678 3561 2763 homini,

530 2798 954 2896 quicumque
1002 2800 1131 2885 sit,
1182 2799 1272 2873 ob
1320 2823 1475 2874 eam
1519 2799 1743 2898 ipsam
1781 2823 2060 2873 causam
2079 2855 2099 2885 ,
2148 2798 2338 2896 quod
2379 2798 2440 2871 is
2491 2796 2697 2871 homo
2742 2798 2871 2883 sit,
2920 2796 3317 2871 consultum
3361 2798 3525 2871 velit
3546 2857 3564 2884 ,

531 2918 597 2989 vi
642 2917 926 2991 rationis
982 2941 1098 2989 eos
1141 2918 1458 2991 conciliat
1513 2927 1584 2991 et
1626 2918 1719 2992 ad
1767 2917 2091 2991 orationis
2134 2924 2205 2991 et
2254 2917 2346 2990 ad
2391 2915 2573 2990 vitae
2618 2916 3047 3002 societatem3
3100 2915 3531 3014 impellitque
3548 2976 3567 3003 ,

528 3042 612 3109 ut
662 3036 1022 3109 hominum
1075 3042 1311 3111 coetus
1355 3044 1424 3110 et
1471 3037 1962 3111 celebrationes
2009 3046 2080 3111 et
2129 3060 2278 3110 esse
2332 3043 2404 3109 et
2447 3060 2491 3111 a
2538 3060 2611 3109 se
2656 3034 2833 3109 obiri
2900 3034 3109 3107 velint
3163 3034 3255 3109 ob
3316 3060 3571 3135 easque

530 3178 771 3227 causas
831 3155 1156 3227 studeant
1209 3179 1450 3253 parare
1513 3180 1628 3243 ea,
1678 3181 1857 3254 quae
1915 3156 2361 3254 suppeditent
2411 3162 2482 3229 et
2530 3154 2621 3229 ad
2668 3155 2939 3227 cultum
2996 3162 3069 3228 et
3120 3156 3225 3229 ad.
3267 3154 3531 3228 victum
3548 3215 3567 3241 ,

525 3296 652 3346 nec
706 3271 840 3346 sibi
901 3272 1062 3347 solis
1081 3332 1101 3361 ,
1169 3275 1292 3348 sed
1339 3273 1491 3349 aliis
1560 3300 1734 3373 quos
1800 3299 1990 3349 caros
2059 3274 2362 3349 habeant
2431 3273 2751 3371 tuerique
2822 3273 3142 3348 debeant.
3245 3273 3359 3348 Sic
3431 3274 3567 3373 ipsi

523 3391 706 3485 inter
753 3416 828 3465 se
871 3392 1022 3465 aliis
1071 3392 1188 3465 alii
1240 3394 1565 3490 prodesse
1609 3391 1929 3479 student;
1979 3394 2056 3465 in
2102 3391 2231 3466 hoc
2273 3380 2596 3466 naturam
2652 3391 2899 3465 ducem
2951 3391 3204 3477 secuti,
3253 3416 3565 3465 commu·

526 3535 650 3583 nes
700 3509 1032 3583 utilitates
1080 3510 1152 3583 in
1195 3511 1510 3584 medium
1552 3510 1910 3585 afferentes
1957 3511 2341 3584 mutatione
2388 3510 2767 3585 officiorum
2782 3568 2801 3597 ,
2851 3510 3083 3583 dando
3130 3510 3527 3608 accipiendo
3545 3570 3566 3598 ,

530 3637 680 3701 tum
727 3628 994 3701 artibus
1016 3684 1035 3714 ,
1087 3636 1240 3701 tum
1281 3652 1520 3727 opera,
1570 3636 1724 3702 tum
1762 3627 2208 3702 facultatibus
2247 3628 2711 3702 devincientes
2750 3629 3063 3703 omnium
3098 3629 3279 3703 inter
3318 3654 3559 3704 omnes

525 3747 940 3823 societatem.
1042 3748 1314 3821 Natura
1355 3748 1735 3822 solitarium
1783 3747 1958 3819 nihil
1999 3754 2220 3834 amat,
2273 3770 2680 3847 semperque
2734 3747 2827 3821 ad
2874 3747 3156 3845 aliquod
3198 3756 3559 3846 tamquam

523 3864 1024 3939 adminiculum
1095 3866 1463 3956 annititur,
1535 3892 1623 3941 ex
1657 3852 1830 3964 ”quo
1895 3866 2228 3941 efficimus
2242 3924 2262 3954 ,
2334 3865 2688 3941 hominem
2757 3874 3044 3941 naturae
3116 3867 3557 3943 obedientem

525 3984 790 4058 homini
844 4009 1087 4058 nocere
1132 4009 1270 4059 non
1333 4010 1557 4083 posse.
1657 3986 1855 4063 Quid
1906 3970 2092 4059 enim
2149 3984 2470 4072 interest,
2520 3992 2721 4059 motu
2776 3986 2993 4059 animi
3048 3986 3326 4061 sublato
3344 4046 3365 4074 ,
3414 4012 3555 4063 non

524 4104 678 4178 dico
715 4103 896 4177 inter
937 4104 1293 4178 hominem
1341 4112 1412 4177 et
1455 4103 1826 4203 pecudem,
1877 4103 2002 4176 sed
2043 4104 2224 4177 inter
2267 4103 2620 4177 hominem
2656 4110 2727 4177 et
2776 4128 3017 4177 saxum
3064 4114 3188 4179 aut
3227 4112 3551 4181 truncum

523 4230 646 4295 aut
709 4222 982 4319 quidvis
1029 4224 1300 4321 generis
1351 4222 1706 4322 ejusdem?
1806 4224 1908 4296 At
1965 4231 2234 4321 praeter
2291 4222 2469 4297 hanc
2530 4222 2731 4297 nobis
2801 4223 3183 4322 ingenitam
3248 4224 3549 4299 caritatis

526 4342 920 4418 societatem
987 4342 1119 4415 alia
1182 4342 1393 4417 etiam
1461 4340 1806 4416 medicina
1876 4349 1981 4414 est
1999 4400 2019 4431 ,
2088 4366 2300 4440 quam
2372 4342 3006 4440 homoeopathicam
3080 4343 3305 4416 dicere
3372 4342 3547 4416 mihi

523 4461 743 4533 liceat.
849 4457 998 4531 Sibi
1047 4459 1233 4533 enim
1289 4460 1415 4534 soli
1456 4460 1840 4558 prospicere
1883 4484 1978 4533 eo.
2010 4460 2306 4558 quisque
2355 4460 2763 4559 impeditur,
2825 4461 3016 4559 quod
3072 4460 3323 4535 caeteri
3374 4484 3542 4557 quo-

524 4603 662 4676 que
703 4577 1002 4652 hominis
1047 4578 1180 4651 sibi
1227 4578 1482 4677 singuli
1529 4580 1937 4667 consulunt,
1988 4579 2245 4678 quibus
2264 4636 2284 4666 ,
2336 4580 2396 4654 si
2459 4580 2845 4679 conjunctis
2899 4580 3160 4654 viribus
3206 4587 3505 4655 utuntur
3523 4639 3541 4667 ,

525 4722 708 4773 unus
754 4698 961 4772 homo
982 4755 1002 4786 ,
1050 4695 1321 4771 etiamsi
1365 4695 1824 4771 validissimus
1867 4697 1994 4785 sit,
2044 4698 2265 4771 multo
2315 4706 2421 4773 est
2463 4697 2818 4775 infirmior.
2918 4700 3304 4774 Multorum
3352 4698 3538 4774 enim

524 4818 698 4893 odiis
745 4817 976 4892 nullae
1029 4840 1192 4913 opes
1236 4822 1530 4914 possunt
1575 4815 1924 4891 obsistere.
2025 4816 2186 4891 Non
2250 4818 2545 4893 deerunt
2606 4841 2918 4916 unquam
2937 4877 2956 4907 ,
3027 4819 3157 4893 hoc
3224 4844 3337 4895 me
3398 4843 3537 4893 non

3114 4944 3158 5010 9
