4967 6217
1784 692 2338 761 ORATIO.
3492 699 3569 759 71

551 927 668 978 eos
707 902 1030 1000 prosequi
1067 899 1426 974 inimicitia
1468 898 1862 983 simulatam
1917 900 2094 974 hanc
2141 894 2638 998 philosophiam
2661 957 2679 987 ,
2730 924 2905 997 quae
2926 958 2944 988 ,
3005 926 3046 975 a
3106 900 3281 973 veris
3334 898 3568 973 civita-

553 1024 735 1096 tium
779 1020 1054 1119 juribus
1106 1026 1412 1094 mentem
1455 1026 1804 1105 avertens,
1854 1019 1945 1091 ad
1985 1019 2160 1093 illud
2198 1018 2314 1117 jus
2375 1018 2701 1106 attendit,
2753 1020 2940 1116 quod
3006 1043 3387 1115 numquam
3442 1043 3576 1092 usu

555 1140 1024 1240 recipiendum
1092 1140 1201 1213 sit.
1301 1138 1399 1211 At
1463 1137 1595 1212 alia
1643 1136 1879 1209 omnia
1919 1143 2220 1209 sectatur
2270 1137 2446 1233 juris
2498 1136 2959 1235 philosophia,
3026 1138 3301 1236 qualem
3347 1137 3577 1211 animo

555 1284 712 1335 meo
738 1260 1043 1357 concepi.
1125 1257 1570 1352 Quicumque
1612 1254 1679 1327 ei
1715 1278 1788 1327 se
1823 1254 2090 1326 dederit
2126 1277 2168 1326 a
2201 1253 2357 1351 jure
2393 1254 2604 1341 civili,
2648 1256 2868 1353 patrio
2907 1257 3219 1355 inprimis
3236 1315 3254 1343 ,
3298 1248 3578 1330 initium

557 1379 760 1454 faciat
779 1438 798 1466 ‚
849 1404 928 1451 ac
983 1386 1150 1450 tunc
1202 1377 1486 1447 demum
1503 1430 1522 1459 ,
1573 1395 1794 1469 quum
1835 1370 2293 1470 jureconsulti
2341 1396 2593 1444 nomen
2640 1373 2786 1447 sine
2837 1375 2977 1448 ulla
3020 1376 3407 1474 arrogantia
3446 1375 3581 1449 sibi

557 1497 898 1571 vindicare
942 1494 1230 1593 poterit,
1280 1494 1372 1567 ad
1420 1491 1660 1565 altiora
1711 1491 1951 1565 tendat
1997 1515 2216 1588 eaque
2268 1490 2418 1587 conj
2427 1514 2682 1588 ungere
2734 1492 3010 1567 studeat
3027 1550 3047 1580 ‚
3098 1519 3274 1591 (11166
3312 1495 3385 1568 111
3430 1495 3581 1594 ipsa

537 1613 1096 1713 -jurisprudentia
1144 1611 1490 1710 disjuncta
1552 1610 1819 1686 viderit.
1920 1612 2116 1685 Tunc
2179 1610 2462 1684 demum
2531 1619 2852 1708 quaerat,
2923 1612 3095 1710 quid
3162 1614 3447 1689 tandem
3509 1614 3583 1687 in

560 1732 836 1807 homine
903 1741 974 1806 et
1041 1732 1114 1805 in
1174 1732 1357 1807 civili
1417 1730 1794 1828 reperiatur
1857 1731 2214 1819 societate,
2285 1731 2472 1804 unde
2530 1729 2707 1827 juris
2768 1739 2979 1829 atque
3040 1732 3331 1830 injuriae
3393 1733 3585 1808 notio

561 1860 788 1925 ortum
832 1852 1084 1925 habeat
1101 1910 1121 1939 ‚
1173 1858 1244 1923 et
1283 1874 1423 1948 qua
1464 1849 1728 1923 ratione
1775 1850 1944 1923 haec
2008 1848 2175 1926 2⁸33oe
2239 1850 2462 1948 magis
2525 1852 2882 1949 magisque
2946 1876 3018 1924 se
3072 1852 3473 1948 explicuerit
3519 1861 3589 1927 et

557 1975 648 2048 ad
711 1972 931 2045 nostri
990 1970 1168 2067 juris
1237 1968 1709 2043 maturitatem
1773 1969 2106 2066 perducta
2176 1970 2302 2056 sit;
2375 1979 2544 2043 tunc
2616 1969 2900 2043 demum
2966 1970 3057 2043 ad
3120 1970 3593 2067 perfectiorem

557 2090 744 2165 illam
785 2090 959 2188 juris
1005 2088 1300 2187 speciem
1344 2112 1584 2161 omnes
1623 2087 1696 2161 in
1739 2088 1970 2162 animo
2007 2090 2133 2161 suo
2177 2088 2577 2163 informatas
2625 2088 2975 2175 1161161166,
3025 2089 3399 2163 maximam
3444 2090 3591 2164 sine

563 2208 776 2282 dubio
825 2215 1090 2305 partem
1139 2232 1177 2280 e
1223 2230 1351 2280 sua
1395 2213 1618 2281 aetate
1663 2230 1926 2304 suaque
1972 2215 2182 2306 gente
2222 2207 2473 2304 petitas
2490 2265 2509 2294 ,
2561 2206 2827 2305 digerat
2876 2215 2949 2281 et
2998 2207 3336 2305 disponat.
3435 2208 3593 2282 Hoc

557 2328 738 2401 enim
811 2326 986 2425 juris
1064 2325 1538 2424 philosophiae
1612 2326 1967 2425 proprium
2041 2333 2176 2414 est,
2257 2326 2637 2424 disjunctas
2696 2325 2871 2423 juris
2942 2334 3172 2425 partes
3238 2327 3589 2425 colligare;

557 2446 890 2521 rationem
941 2446 1301 2519 ostendere
1347 2445 1525 2518 inter
1570 2445 1917 2543 privatum
1956 2445 2074 2543 jus
2119 2454 2188 2517 et
2237 2444 2631 2541 publicum3
2684 2445 2915 2518 locum
2974 2445 3277 2519 indicare
3296 2504 3315 2531 ‚
3384 2428 3506 2544 qui
3553 2472 3594 2520 a

553 2566 706 2662 jure
759 2564 1097 2639 criminali
1165 2564 1355 2662 quod
1413 2588 1601 2637 nunc
1664 2564 1919 2639 dicitur
1981 2572 2390 2660 occupatur3
2459 2562 2808 2659 explorare
2876 2563 3016 2636 vim
3081 2588 3459 2660 poenarum
3524 2574 3597 2638 et

561 2684 945 2772 vinculum,
998 2684 1186 2782 quod
1227 2684 1410 2755 inter
1447 2708 1562 2757 eas
1607 2689 1679 2756 61
1715 2682 1892 2781 juris
1933 2681 2360 2779 injuriaeque
2405 2682 2758 2757 notionem
2801 2682 3195 2771 intereedit3
3244 2684 3318 2756 in
3360 2707 3597 2757 earum

557 2803 892 2901 principia
929 2803 1250 2876 etfinem
1281 2801 1644 2899 inquirere.
1737 2800 1942 2875 Hanc
1977 2808 2210 2874 autem
2253 2800 2683 2897 disciplinam
2720 2800 3046 2874 omnibus
3075 2801 3563 2899 jureconsultis
3580 2860 3597 2887 ,

561 2921 686 3018 qui
732 2922 1060 3018 majorem
1114 2945 1324 3018 quam
1373 2918 1626 3019 legulei
1673 2920 2080 3017 dignitatem
2127 2926 2502 3017 appetunt,
2554 2926 2625 2993 et
2670 2920 2745 2993 in
2790 2920 3098 3017 ipsarum
3116 2978 3135 3008 ,
3185 2921 3443 3019 quibus
3474 2922 3597 3020 jus

563 3040 890 3113 definitur
911 3099 929 3127 ‚
981 3040 1214 3137 legum
1279 3038 1842 3115 constitutionem
1904 3038 2044 3111 vim
2104 3038 2356 3112 habere
2413 3038 2706 3137 cupiunt
2725 3096 2744 3125 ,
2818 3046 3107 3115 summe'
3150 3040 3599 3114 necessariam

563 3183 710 3233 esse
731 3217 749 3247 ,
824 3159 1059 3232 nullus
1135 3158 1506 3233 dubitabit.
1606 3158 1804 3232 Haec
1877 3158 2134 3231 scilicet
2199 3158 2442 3245 efficit,
2516 3164 2599 3231 ut
2661 3158 2737 3231 in
2806 3157 3081 3256 legibus
3150 3158 3599 3232 emendandis

561 3286 746 3352 certo
797 3279 1022 3377 gradu
1068 3278 1384 3351 incedere
1427 3278 1644 3375 possit
1686 3277 1983 3376 populus
2000 3310 2018 3364 ς
2037 3361 2045 3369 ,
2066 3302 2194 3350 1166
2254 3277 2440 3351 enim
2485 3276 2860 3374 perfectam
2922 3276 3112 3349 illam
3158 3284 3228 3349 61
3274 3277 3600 3350 omnibus

561 3398 867 3471 numeris
923 3396 1308 3471 absolutam
1367 3396 1544 3493 juris
1613 3397 1910 3492 speciem
1969 3404 2128 3469 ante
2180 3397 2413 3469 oculos
2477 3396 2707 3493 ponit,
2759 3395 2958 3494 cujus
3020 3396 3210 3469 nulla
3264 3421 3599 3494 umquam

565 3540 736 3614 gens
777 3540 992 3612 capax
1035 3515 1198 3600 erit;
1251 3514 1544 3610 explicat
1589 3514 1819 3613 potius
1836 3573 1854 3601 ,
1907 3540 1949 3589 a
1990 3516 2247 3613 quibus
2282 3515 2495 3588 initiis
2540 3539 2703 3588 suae
2738 3516 2982 3589 aetatis
3024 3538 3328 3613 suaeque
3369 3517 3597 3614 gentis

564 3633 879 3707 homines
929 3632 1249 3732 profecti,
1298 3657 1438 3730 quo
1488 3633 1955 3731 pervenerint,
2007 3658 2184 3731 quae
2204 3693 2223 3722 ,
2272 3634 2410 3707 nisi
2469 3658 2583 3707 me
2640 3635 2875 3707 omnia
2932 3634 3221 3723 fallunt,
3286 3659 3429 3710 una
3485 3636 3595 3710 via

565 3760 706 3840 est,
756 3777 896 3849 qua
935 3751 1025 3825 ad
1069 3776 1222 3825 eam
1264 3751 1440 3850 juris
1481 3752 2008 3850 descriptionem
2051 3753 2373 3853 progredi
2407 3752 2627 3851 possit
2664 3752 3052 3827 humanum
3102 3777 3323 3851 genus
3343 3812 3361 3842 ,
3414 3780 3591 3853 quae

564 3871 877 3947 omnium
923 3872 1302 3945 commodis
1321 3930 1340 3959 ,
1389 3872 1705 3945 omnium
1754 3872 1962 3946 saluti
2004 3873 2266 3969 optime
2315 3874 2583 3946 serviat.

665 3992 862 4067 Haec
909 3991 1050 4065 duo
1091 3991 1405 4089 exempla
1445 3992 1753 4065 sufficere
1798 3989 2152 4077 videntur,
2203 3998 2284 4063 ut
2325 3998 2398 4063 et
2439 3991 2925 4089 philosophum
2984 4000 3056 4065 et
3114 4017 3229 4066 666
3249 4051 3269 4080 ,
3320 3993 3443 4091 (1111
3501 3993 3590 4066 ad

569 4111 998 4207 singularum
1032 4108 1548 4208 disciplinarum
1585 4109 1814 4184 studia
1845 4109 2156 4182 animum
2191 4109 2530 4197 referunt,
2578 4111 2651 4183 in
2682 4111 2931 4185 iisdem
2963 4111 3171 4185 rebus
3210 4111 3585 4198 elaborare,

569 4228 924 4326 perspicue
989 4228 1531 4303 demonstratum
1599 4230 1706 4303 sit.
1807 4229 2212 4327 Numquam
2281 4229 2382 4303 ita
2442 4229 2623 4303 inter
2684 4254 2757 4303 se
2822 4237 3288 4304 convenerunt
3352 4254 3587 4303 eamve

565 4348 880 4435 fecerunt
920 4348 1353 4443 partitionem
1371 4407 1391 4436 ,
1441 4356 1521 4421 ut
1563 4348 1824 4435 omnia,
1875 4372 2052 4445 quae
2091 4348 2164 4421 in
2200 4348 2330 4422 hoc
2368 4350 2633 4423 mundo
2671 4357 2975 4437 exstant,
3026 4349 3273 4422 horum
3312 4347 3591 4446 ingenio

569 4467 1115 4565 assignarentur,
1163 4467 1340 4541 alius
1388 4476 1621 4543 autem
1673 4466 1958 4564 quidam
2004 4466 2312 4540 mundus
2331 4524 2350 4552 ,
2403 4466 2527 4562 qui
2574 4465 3052 4539 tantummodo
3096 4467 3190 4539 ad
3234 4466 3587 4563 cogitatio-

567 4609 728 4660 nem
773 4586 1030 4671 valeat,
1079 4585 1180 4658 illi
1201 4644 1220 4673 ,
1269 4586 1674 4684 philosopho
1714 4584 2040 4658 nimirum
2063 4643 2081 4672 ,
2131 4585 2623 4687 mandaretur..
2692 4585 2737 4656 J
2740 4610 2851 4659 am
2908 4584 3075 4657 satis
3123 4584 3246 4658 diu
3289 4585 3586 4682 philoso-

570 4704 733 4802 phia
759 4728 950 4777 veras
993 4728 1102 4778 res
1141 4704 1420 4803 effugit,
1469 4713 1549 4779 ut
1588 4705 1662 4778 in
1695 4703 2129 4777 sublimiores
2158 4704 2476 4777 fictarum
2512 4728 2741 4777 rerum
2769 4704 3084 4804 regiones
3111 4705 3590 4794 adscenderet,

571 4850 607 4897 e
645 4824 904 4921 quibus
945 4823 1172 4897 nullos
1209 4823 1347 4899 vita
1391 4823 1605 4917 civilis
1644 4823 1910 4899 fructus
1949 4821 2295 4921 percipere
2340 4823 2661 4920 potuerit.
2761 4826 2920 4899 Non
2973 4824 3033 4899 is
3076 4850 3229 4899 sum
3253 4885 3272 4914 ,
3323 4827 3445 4925 qui
3501 4828 3589 4901 ab
