4967 6217
1904 736 2458 803 ORATI'O.
3384 755 3396 765 “
3569 740 3694 803 211

668 954 820 1019 tare
838 1001 859 1030 ,
931 947 1061 1018 etsi
1128 943 1234 1015 nil
1288 942 1513 1027 aliud,
1566 949 1744 1015 certe
1790 945 1981 1017 iuvat
2028 945 2116 1036 ⁶).
2218 944 2530 1019 Similem
2585 942 2896 1018 ardorem
2949 942 3154 1017 multi
3195 949 3350 1015 tum
3396 942 3559 1016 Itali
3599 944 3688 1015 ad

668 1063 837 1138 haec
896 1062 1127 1137 studia
1186 1060 1571 1137 attulerunt
1619 1068 1691 1133 et
1732 1060 2133 1139 incredibile
2179 1064 2375 1139 dictu
2417 1072 2562 1153 est,
2612 1071 2873 1163 quanta
2919 1088 3080 1137 mox
3129 1063 3203 1135 in
3250 1063 3368 1136 illa
3409 1062 3688 1160 regione

666 1182 1059 1280 principum
1113 1180 1341 1254 favore
1402 1186 1473 1253 et
1521 1180 1881 1253 doctorum
1926 1180 2277 1257 laboribus
2310 1182 2740 1257 incrementa
2785 1180 3108 1280 ceperint.
3210 1181 3460 1279 Neque
3507 1180 3690 1253 intra

666 1300 909 1375 Italiae
954 1301 1127 1373 fines
1165 1306 1543 1386 steterunt,
1586 1297 1711 1372 sed
1748 1299 2042 1373 Galliam
2059 1357 2078 1387 ‚
2117 1301 2548 1375 Britanniam
2591 1309 3034 1399 nostramque
3078 1301 3372 1399 patriam
3421 1301 3691 1374 saeculo

668 1420 807 1493 XV
883 1428 955 1495 et
1014 1420 1189 1493 XVI
1239 1420 1495 1503 ‚similis
1560 1417 1995 1515 antiquitatis
2056 1438 2248 1493 amor
2308 1421 2627 1517 pervasit.
2733 1422 2992 1518 Sponte
3049 1420 3292 1493 vestris
3341 1420 3696 1493 mentibus

666 1548 1033 1615 occultunt
1093 1539 1451 1635 celebratas
1499 1537 1895 1613 Rnnonrm
1958 1539 2391 1614 Aemoonan
2413 1598 2431 1627 ,
2504 1540 2881 1613 Wassnmr
2933 1541 3426 1627 Gxnsroa'rn,
3476 1539 3693 1612 Dim-

669 1684 877 1743 onan
947 1662 1237 1733 Enasm
1300 1641 1621 1745 nomina,
1688 1656 1946 1755 quibus
2020 1682 2183 1732 mox
2249 1669 2727 1734 successerunt
2792 1662 2975 1735 GUL.
3042 1662 3392 1735 Ronanus
3415 1718 3434 1745 ,
3487 1684 3696 1757 quem

666 1781 1019 1855 literarum
1079 1781 1499 1853 Graecarum
1557 1778 1740 1852 inter
1794 1778 2030 1853 Gallos
2085 1780 2612 1854 instauratorem
2667 1778 3008 1879 appellare
3057 1803 3197 1852 non
3251 1777 3654 1852 dubitamus
3679 1835 3696 1863 ,

666 1900 765 1973 Is.
815 1900 1299 1973 Casaunonns
1321 1956 1341 1985 ‚
1390 1896 1465 1970 in
1512 1922 1653 1995 quo
1702 1898 1965 1972 nescias
2010 1898 2183 1996 quid
2228 1900 2469 1997 magis,
2499 1900 2854 1974 admireris
2875 1957 2895 1986 ,
2945 1898 3419 1973 incredibilem
3468 1897 3695 1971 erudi-

647 1994 875 2093 'tionis
950 2007 1231 2116 copiam'
1294 2042 1382 2090 an
1454 2015 1931 2091 fortitudinem
1950 2075 1970 2105 ,
2044 2042 2183 2115 qua
2252 2020 2475 2092 utitur
2535 2020 2610 2092 in
2675 2018 3110 2093 admonendo
3173 2042 3336 2113 rege
3395 2040 3522 2089 suo
3539 2074 3557 2101 ,
3608 2040 3696 2086 ne

668 2136 969 2211 salubria
1028 2136 1351 2211 historiae
1415 2144 1776 2235 praecepta
1834 2144 2266 2222 contemnat,
2317 2138 2362 2207 J
2365 2160 2473 2210 os.
2535 2140 2938 2223 scamonii,
2987 2136 3113 2233 qui
3165 2160 3404 2209 omnes
3465 2134 3699 2208 multi-

664 2248 843 2354 plici·
884 2256 1194 2330 doctrina
1272 2261 1550 2353 superat
1610 2264 1681 2327 et
1738 2256 1936 2328 cuius
2004 2255 2257 2353 scripta
2322 2256 2637 2329 omnium
2701 2255 3128 2329 saeculorum
3171 2254 3700 2328 admirationem

666 2376 1081 2464 movebunt,
1153 2378 1337 2449 Gna.
1414 2376 1520 2447 Io.
1593 2373 1944 2460 Vossms,
2015 2373 2224 2445 huius
2291 2372 2646 2470 quondam
2703 2371 3043 2447 Athenaei
3103 2370 3348 2459 decuS‚
3400 2395 3612 2467 quem
3661 2398 3700 2445 a

664 2498 1045 2585 VoNnrmlo
1109 2494 1199 2568 ob
1240 2493 1655 2567 immensam
1697 2491 2053 2566 scientiam
2092 2491 2207 2564 vix
2252 2488 2467 2565 nimio
2509 2492 2871 2589 praeeonio
2922 2498 3246 2565 ornatum
3289 2515 3442 2563 esse
3485 2491 3700 2587 pluri-

663 2640 815 2701 ma,
868 2639 1045 2712 quae
1084 2612 1341 2711 scripta
1376 2610 1699 2710 reliquit,
1749 2617 2123 2698 testantur,
2174 2610 2402 2685 Huso
2450 2613 2784 2685 Gao'rms
2827 2610 3128 2707 denique
3149 2668 3170 2698 ,
3222 2635 3431 2710 quem
3474 2611 3700 2683 virum

662 2737 735 2807 in
814 2732 1158 2831 theologia
1171 2790 1191 2820 ,
1254 2732 1425 2806 iuris
1468 2730 1754 2806 scientia
1767 2789 1786 2820 ,
1836 2730 2018 2805 civili
2068 2730 2439 2830 prudentia
2491 2732 2940 2805 excellentem
2995 2730 3315 2827 antiquas
3359 2729 3591 2803 literas
3628 2730 3704 2803 in

664 2853 805 2925 otio
868 2860 941 2925 et
1008 2852 1189 2926 inter
1255 2852 1435 2927 vitae
1498 2852 1777 2951 negotia
1848 2851 2121 2949 egregie
2181 2850 2558 2925 excoluisse
2626 2851 2807 2923 inter
2869 2874 3109 2923 omnes
3165 2854 3458 2923 constat.
3567 2850 3704 2921 Sed

666 2971 836 3070 quid
878 2996 1008 3069 ego
1046 2972 1278 3070 plures
1322 2971 1675 3044 nominem
1696 3029 1715 3058 ,
1766 2971 1889 3067 qui
1931 2970 2068 3043 illis
2108 2970 2536 3069 temporibus
2580 2968 2992 3068 philologiae
3039 2968 3246 3041 laude
3287 2968 3704 3053 floruerunt,

664 3114 885 3188 quum
965 3113 1189 3187 usque
1257 3091 1348 3163 ad
1410 3091 1762 3175 saeculum
1832 3089 2047 3163 XVII
2117 3090 2259 3163 fere
2322 3088 2636 3163 medium
2711 3112 2914 3162 nemo
2982 3088 3056 3159 in
3131 3088 3273 3161 ulla
3339 3086 3706 3183 disciplina

664 3235 961 3307 magnus
1022 3208 1265 3296 fuerit,
1324 3210 1447 3307 qui
1500 3233 1641 3283 non
1684 3208 1845 3283 hinc
1898 3216 2079 3281 esset
2123 3208 2522 3306 profectus?
2620 3207 2736 3280 Ab
2786 3232 2867 3281 eo
2911 3206 3074 3280 inde
3122 3214 3432 3303 tempore
3483 3206 3706 3303 philo-

665 3329 980 3425 logorum
1020 3328 1391 3401 auctoritas
1444 3327 1742 3402 decrevit
1786 3328 2067 3425 suisque
2102 3328 2361 3404 finibus
2391 3326 2774 3425 philologia
2813 3326 3328 3422 circumscripta
3369 3332 3514 3411 est,
3566 3352 3707 3422 quo

666 3449 819 3546 ipso
870 3456 1105 3521 tamen
1152 3446 1553 3545 disciplinae
1604 3446 1907 3544 dignitas
1949 3452 2152 3521 aucta
2188 3447 2423 3545 potius
2464 3445 2740 3519 videt'ur
2783 3470 2996 3544 quam
3039 3446 3428 3518 imminuta.
3513 3447 3706 3521 Quo·

668 3568 1079 3665 tusquisque
1150 3567 1357 3664 paulo
1435 3566 1799 3641 humanior
1877 3575 2021 3653 est,
2102 3566 2225 3664 qui
2296 3568 2566 3664 ignoret
2631 3564 2804 3663 quid
2875 3565 3221 3663 superiore
3287 3562 3563 3637 saeculo
3637 3566 3708 3635 in

667 3686 1027 3761 Britannia
1084 3687 1540 3773 Burnum,
1606 3676 2175 3774 Martanum,
2225 3688 2586 3772 ΤουΡισε,
2634 3685 2710 3757 in
2753 3692 2988 3758 nostra
3039 3685 3264 3781 patria
3307 3684 3706 3756 Hnms‘rna-

672 3805 1643 3893 nusms‘‚VA1.canAna1us‚
1674 3807 2200 3893 ΒΠΗΝΚΕΝΙΠΒ,
2230 3806 2411 3879 inter
2443 3784 2828 3879 Germanos
2863 3806 3253 3891 stmtljus
3277 3862 3295 3889 ‚
3327 3803 3668 3876 Hermus
3687 3862 3704 3888 ,

670 3926 921 3999 deinde
992 3923 1345 3999 Wonrms
1414 3925 1913 4023 praestiterint,
1986 3950 2075 3999 ne
2136 3951 2251 3999 eos
2310 3929 2684 3998 memorem
2706 3982 2725 4010 ,
2795 3923 2918 4020 qui
2985 3922 3235 3995 horum
3305 3922 3702 4019 principum

670 4045 911 4119 laudes
956 4043 1188 4140 aliquo
1226 4043 1583 4117 intervallo
1619 4044 1963 4142 persecuti
2004 4051 2169 4116 sunt
2208 4050 2279 4115 et
2307 4043 2636 4117 orationis
2668 4042 2997 4115 virtutem
3044 4039 3445 4139 ingeniique
3502 4064 3699 4138 prae-

674 4160 997 4237 stantiam
1022 4217 1040 4246 ,
1115 4184 1255 4257 qua
1302 4166 1610 4235 veterum
1670 4169 2119 4235 monumenta
2168 4169 2536 4235 censentur
2555 4220 2573 4249 ,
2644 4162 2844 4235 docte
2894 4160 3345 4234 illustrarunt.
3465 4158 3704 4256 Atque

674 4308 761 4357 ex
800 4281 907 4355 his
948 4281 1064 4355 alii
1104 4280 1177 4351 in
1218 4279 1370 4354 aliis
1416 4280 1814 4379 disciplinae
1862 4288 2135 4354 nostrae
2179 4280 2493 4379 partibus
2533 4281 2710 4354 bene
2755 4269 3002 4354 versati
3047 4286 3210 4352 sunt
3259 4278 3700 4375 maximeque

676 4402 951 4476 diversa
1004 4406 1169 4474 sunt
1226 4400 1587 4475 doctorum
1648 4400 2010 4475 hominum
2072 4401 2326 4475 iudicia
2379 4400 2467 4473 de
2530 4425 2612 4474 eo
2631 4460 2649 4487 ‚
2700 4400 2890 4498 quod
2929 4422 3286 4471 summum
3327 4398 3457 4483 sit,
3509 4400 3700 4495 quod

675 4519 1101 4617 philologum
1182 4527 1487 4618 spectare
1561 4527 1891 4617 oporteat.
1990 4522 2149 4594 Non
2216 4528 2492 4594 tantum
2549 4520 2721 4594 mihi
2765 4543 3006 4615 arrogo
3023 4576 3043 4604 ‚
3093 4525 3176 4590 ut
3221 4516 3696 4614 quaestionem

680 4662 880 4736 saepe
935 4662 979 4711 a
1036 4637 1275 4711 multis
1316 4640 1647 4736 agitatam
1690 4640 1945 4715 solvere
2004 4665 2119 4714 me
2164 4664 2363 4738 posse
2408 4640 2650 4739 putem
2669 4697 2688 4725 ,
2739 4639 2862 4712 sed
2906 4646 3140 4711 tamen
3186 4638 3520 4711 affirmare
3563 4660 3700 4709 non

682 4757 927 4831 dubito
1010 4758 1413 4855 primarium
1494 4758 1825 4858 philologi
1897 4784 2155 4835 munus
2222 4784 2371 4833 esse
2438 4759 2842 4857 diligentem
2914 4765 3222 4829 veterum
3295 4757 3704 4855 scriptorum

680 4876 1333 4974 interpretationem.
1438 4879 1641 4953 Hanc
1707 4879 1821 4952 ille
1846 4952 1863 4973 „
1883 4877 1982 4952 ita
2040 4877 2396 4965 instituat,
2462 4884 2544 4951 ut
2590 4901 2730 4951 non
2782 4900 3041 4951 meram
3087 4875 3210 4949 otii
3253 4876 3363 4948 sui
3411 4876 3705 4949 delecta·
3823 4942 3842 4955 .

3179 4996 3329 5069 27*
