4967 6217
1340 705 1472 771 204
2520 702 2572 769 1.
2635 702 2702 770 c,
2764 702 2845 771 G.
2897 652 3188 766 ''noor

1343 936 1591 1012 parum
1664 910 2149 985 satisfacerent.
2270 910 2508 1009 Atque
2589 934 2718 1008 ego
2737 968 2757 997 ,
2835 908 2958 1006 qui
3027 907 3116 981 ab
3171 907 3445 981 illorum
3497 910 3918 1006 praestantia
3983 914 4190 1010 longe
4259 937 4378 987 me

1344 1030 1585 1106 abesse
1657 1030 1913 1118 sentin,
1979 1036 2256 1104 tantum
2317 1027 2569 1103 absum
2637 1034 2716 1103 ut
2775 1026 3096 1101 lubenter
3164 1025 3438 1099 dicendi
3497 1051 3753 1102 munus
3813 1030 4187 1131 receperim
4204 1088 4224 1118 ,
4299 1040 4380 1105 ut

1343 1150 1664 1249 profitear
1730 1150 1961 1223 animo
2029 1176 2143 1224 me
2220 1148 2422 1223 anxio
2493 1156 2564 1222 et
2637 1147 2923 1221 sollicito
2988 1148 3173 1220 hunc
3241 1145 3426 1218 diem
3481 1153 3913 1243 exspectasse
3963 1156 4036 1223 et
4071 1173 4260 1222 nunc
4303 1149 4376 1221 in

1342 1269 1776 1345 concionem.
1807 1268 2104 1368 prodiise
2124 1327 2144 1356 ,
2214 1294 2406 1351 cum,
2444 1268 2824 1367 praesentis
2881 1266 3093 1351 ,officii
3142 1264 3466 1353 novitate,
3508 1272 3968 1355 commotum,
4021 1274 4177 1341 tum
4223 1292 4378 1367 gra-

1342 1389 1606 1463 vissimi
1642 1389 1957 1492 ³muneris
1977 1447 1996 1478 ,
2047 1388 2237 1486 quod
2286 1388 2634 1485 suscipi0,'
2671 1386 3084 1485 cogitatione
3129 1383 3564 1482 impeditum.
3641 1386 3992 1484 Namque
4037 1386 4232 1460 aliud
4274 1395 4380 1461 est

1344 1510 1418 1583 in
1466 1508 1848 1607 Gymnasio
1899 1532 2154 1607 paucos
2194 1506 2567 1604 discipulos
2610 1514 2920 1579 veterum
2951 1506 3302 1579 literarum
3333 1503 3583 1577 studiis
3611 1502 3878 1578 initiare
3900 1564 3918 1593 ,
3970 1505 4166 1580 aliud
4193 1507 4380 1604 apud

1345 1627 1693 1701 Athenaei
1756 1628 2073 1702 alumnos
2119 1650 2391 1700 ‘earum
2426 1650 2762 1699 &amorem
2799 1624 3120 1703 excitare
3151 1622 3312 1695 =vel‘
3343 1646 3630 1720 augerej
3669 1624 3954 1721 suisque
4005 1623 4266 1698 scholis
4311 1632 4380 1698 et

1346 1746 1779 1821 sermonibus
1826 1748 2105 1820 'efficere
2124 1786 2181 1833 ,·
2222 1755 2303 1818 ut
2357 1746 2780 1843 intelligant}
2821 1742 3382 1817 honestissimam·
3428 1765 3515 1814 ex
3563 1741 3704 1815 illo.
3729 1744 3918 1816 fonte
3959 1743 4380 1841 voluptatem
4441 1822 4450 1835 ,

1346 1866 1499 1963 capi
1547 1890 1785 1964 posse;
1836 1865 2049 1948 aliud.
2072 1872 2180 1939 est
2199 1900 2229 1952 ‚·
2270 1864 2395 1938 ubi
2436 1890 2546 1939 res
2573 1890 2694 1951 ac,
2721 1872 3012 1962 tempus⁵
3034 1861 3414 1961 poscebat,-¹
3443 1884 3672 1955 eoram
3722 1844 3962 1959 paucis
4015 1862 4380 1949 disserere,

1350 2008 1647 2081 quorum
1706 1984 1961 2058 iudicia
2028 2010 2167 2057 non
2228 2009 2484 2083 magno
2548 2009 2753 2084 opere
2810 1991 3005 2059 erant
3069 1982 3412 2067 timenda,
3461 1979 3653 2085 aliud
3699 1980 3776 2086 in
3821 1982 4382 2079 frequentissimo

1348 2103 1775 2177 eruditorum
1846 2104 2207 2177 hominum
2266 2111 2612 2177 conventu
2640 2091 2965 2201 ‘dicentis
3007 2094 3368 2200 personam
3415 2100 3625 2199 digne
3676 2082 4040 2177 sustinere.
4142 2104 4382 2180 Quum

1344 2221 1583 2319 itaque
1634 2221 1855 2295 multa
1928 2221 2139 2309 sint,'
2180 2238 2377 2318 quae·
2428 2222 2741 2295 animum
2807 2244 3044 2293 meum
3099 2224 3270 2291 non‘
3295 2216 3530 2290 leviter
3561 2234 3568 2243 ·
3595 2200 3910 2317 ἵειῐιςὲιιιίῑο
3935 2227 4380 2318 mentemque

1344 2339 1795 2438 perturbent,
1866 2347 2056 2414 totus
2102 2339 2427 2443 confugio
2471 2339 2562 2413 ad
2611 2347 2908 2412 vestram
2949 2337 3370 2435 aequitatem
3409 2343 3479 2409 et
3519 2336 4043 2413 humanitatem.
4141 2340 4384 2437 Atque

1343 2458 1463 2533 illa
1518 2484 1632 2533 me
1692 2485 1847 2557 spes
1911 2466 2295 2547 sustentat,
2360 2460 2503 2533 fore
2567 2466 2648 2531 ut
2706 2483 2863 2533 vera
2924 2465 2995 2531 et
3039 2458 3300 2532 sincera
3344 2456 3620 2555 pietatis
3673 2444 4001 2555 professio
4045 2461 4382 2533 oratoriae

1345 2579 1512 2653 artis
1561 2580 1982 2653 desiderium
2030 2580 2260 2655 leniat.
4385 2588 4390 2593 ’

1448 2699 1926 2779 Quamobrem
1983 2700 2311 2775 continuo
2370 2726 2490 2775 vos
2523 2776 2530 2781 ,
2560 2700 2830 2799 appello
2847 2758 2868 2786 ‚
2929 2696 3228 2772 Illustris
3286 2695 3628 2771 Athenaei
3677 2696 4046 2771 Curatores
4097 2697 4384 2794 Specta-

1348 2818 1601 2893 tissimi
1664 2826 1736 2891 et
1794 2819 2123 2918 principis
2180 2820 2872 2921 urbis‘magistratus
2915 2816 3384 2917 Amplissimi,
3433 2841 3732 2915 quorum
3783 2816 4386 2921 commendatione

1352 2950 1423 3015 et
1481 2940 1825 3040 suffragiis
1876 2942 1949 3013 in
1994 2941 2180 3014 hunc
2202 2920 2451 3016 ‘locum
2505 2926 2662 3014 sum
2710 2947 2989 3014 vocatus
3009 2998 3028 3025 ‚
3077 2936 3203 3011 ubi
3245 2960 3674 3011 summorum
3723 2937 4024 3011 virorum
4077 2936 4390 3034 exempla

1353 3065 1632 3134 secutus
1672 3059 1903 3133 literas
1943 3060 2185 3135 docere
2225 3060 2469 3135 iubeor
2488 3119 2508 3148 ‚
2558 3085 2736 3157 quae
2773 3059 2945 3133 mihi
2983 3057 3072 3131 ab
3112 3058 3397 3131 ineunte
3431 3064 3656 3131 aetate
3697 3057 3768 3130 in
3806 3057 4072 3131 deliciis
4107 3056 4390 3130 fuerunt

1352 3186 1426 3252 et
1496 3178 1570 3251 in
1642 3178 1899 3276 quibus
1970 3179 2184 3253 vitam
2254 3168 2455 3279 agere
2524 3186 2793 3253 mature
2855 3178 3141 3253 decrevi.
3240 3178 3315 3251 H
3320 3202 3396 3251 ac
3457 3178 3624 3251 olim
3673 3185 3904 3251 mente
3955 3178 4388 3275 Lugdunum

1350 3297 1772 3372 Batavorum
1840 3321 1954 3370 me
2002 3299 2305 3386 contuli,
2360 3299 2485 3371 ubi
2522 3324 2685 3373 cum
2736 3297 3074 3396 imagines
3119 3297 3457 3371 clarorum
3499 3296 3798 3369 virorum
3819 3354 3840 3382 ‚
3890 3296 4015 3393 qui
4062 3322 4102 3369 a
4148 3297 4388 3395 primis

1346 3416 1779 3516 temporibus
1849 3416 1940 3489 ad
1988 3418 2167 3493 hanc
2216 3426 2513 3493 aetatem
2556 3417 2974 3492 Academiae
3013 3424 3418 3491 ornamento
3460 3417 3781 3504 fuerunt,
3835 3423 3990 3491 tum
4041 3417 4388 3514 praeclara

1345 3536 1812 3635 professorum
1882 3546 2245 3636 praecepta
2314 3548 2385 3611 et
2453 3538 2831 3611 amicorum
2883 3538 3196 3635 exempla
3240 3561 3476 3609 meum
3525 3536 3890 3613 consilium
3937 3536 4384 3609 confirmave-

1346 3661 1515 3727 runt
1559 3678 1810 3752 meque
1858 3656 1949 3728 ad
1998 3655 2249 3729 laboris
2294 3658 2752 3731 constantiam
2791 3658 3279 3731 excitaverunt.
3383 3656 3470 3727 In
3511 3656 3711 3729 cuius
3749 3656 4074 3752 temporis
4119 3679 4380 3727 memo-

1346 3774 1521 3847 riam
1572 3773 1745 3847 dum
1792 3774 1997 3847 redeo
2018 3834 2036 3861 ,
2088 3776 2291 3849 liceat
2335 3775 2507 3848 mihi
2541 3776 2932 3874 praedicare
2985 3800 3211 3855 meam
3255 3774 3647 3848 felicitatem
3671 3832 3690 3862 ‚
3743 3774 3934 3872 quod
3975 3784 4200 3847 tecum
4237 3774 4378 3846 illic

1350 3891 1525 3979 vixi,
1592 3900 1825 3966 tecum
1880 3893 2110 3969 literas
2178 3902 2249 3968 et
2299 3876 2910 3995 iurisprudenjtiam
2981 3894 3160 3969 colui
3178 3904 3210 3981 ‚’
3247 3894 3591 3967 carissime
3643 3893 3893 3981 frater,
3943 3918 4145 3991 quem
4191 3893 4380 3967 cives

1348 4010 1457 4085 tui
1515 4010 1589 4084 in
1648 4012 1835 4087 hunc
1879 4014 2188 4087 ordinem
2235 4039 2459 4114 nuper
2499 4014 2900 4089 retulerunt.
3001 4012 3341 4087 Locorum
3384 4013 3738 4087 intervallo
3794 4019 4034 4111 postea
4085 4012 4382 4111 separati

1347 4130 1663 4205 fraternis
1732 4131 1981 4205 animis
2050 4158 2182 4232 ego
2247 4140 2353 4223 te,
2423 4144 2505 4207 tu
2577 4160 2690 4208 me
2753 4134 3087 4222 dilexisti,
3161 4157 3346 4207 nunc
3411 4133 3626 4206 laetor
3646 4190 3666 4219 ,
3739 4134 3928 4233 quod
3987 4130 4373 4230 poterimus

1348 4258 1665 4325 nostrum
1717 4276 2017 4327 amorem
2064 4278 2201 4327 usu
2246 4262 2319 4327 et
2370 4254 2830 4327 familiaritate
2879 4254 3278 4329 confirmare
3297 4312 3316 4341 ,
3368 4253 3692 4350 quodque
3741 4252 3914 4325 mihi
3952 4252 4090 4326 huc
4138 4258 4380 4325 vocato

1348 4386 1487 4444 nou
1520 4360 1779 4458 deerit,
1832 4370 1955 4467 qui
1992 4372 2263 4460 omnia,
2316 4397 2496 4471 quae
2529 4397 2644 4446 me
2679 4398 2842 4447 cura
2879 4374 3112 4471 aliqua
3151 4372 3480 4459 afficient,
3533 4372 3676 4444 suis
3727 4371 4159 4446 sermonibus
4197 4371 4378 4445 levet

1346 4514 1595 4588 resque
1660 4490 1871 4563 laetas
1934 4489 2247 4565 laetiores
2310 4493 2534 4567 faciat.
2637 4490 2776 4566 Sed
2839 4492 3002 4565 illuc
3021 4550 3041 4579 ‚
3109 4492 3296 4565 unde
3361 4492 3534 4579 abii,
3599 4492 3826 4567 redeo,
3927 4494 4177 4591 Itaque
4233 4514 4376 4565 non

1349 4610 1474 4683 diu
1525 4616 1683 4707 post
1735 4611 2183 4685 Academiam
2242 4613 2548 4687 relictam
2595 4612 3128 4687 Leovardienses
3170 4636 3491 4710 campum
3537 4612 3712 4685 mihi
3755 4612 4248 4698 ostenderunt,
4296 4610 4374 4682 in

1349 4752 1491 4827 quo
1531 4728 1707 4802 vires
1754 4754 1944 4805 meas
1992 4733 2369 4830 experirer,
2418 4757 2694 4832 meque·
2717 4732 3217 4806 adolescentem
3258 4755 3396 4805 non
3435 4732 3806 4831 indignum
3853 4732 4328 4805 iudicaverunt
4345 4788 4370 4816 ‚

1346 4848 1461 4922 cui
1514 4848 1821 4923 florentis
1882 4851 2245 4947 Gymnasii
2302 4853 2740 4929 moderamen
2815 4854 3339 4927 committerent.
3437 4853 3548 4927 Ex
3609 4877 3693 4927 ea
3758 4836 4050 4927 statione
4096 4874 4212 4923 vos
4253 4872 4374 4922 me
