4967 6217
2990 394 3026 431 0

1414 730 1573 829 118·
2503 726 2581 791 c.
2650 725 2727 791 A.
2797 704 3365 791 anscarius

1410 934 1695 1008 crimine
1759 933 2021 1009 absolvi
2085 932 2365 1031 frustra⁸
2398 930 2832 1007 Lmnmrms
2893 932 3186 1007 tentavit
3235 928 3428 1029 apud
3489 928 3752 1029 regiam
3811 933 4212 1008 societatem
4269 934 4450 1007 Inn-

1356 1078 1361 1083 ·
1414 1054 1765 1127 ‹linensem
1788 1110 1807 1141 ,
1870 1052 2071 1159 cuius
2096 1046 2105 1050 ’
2134 1052 2283 1150 ipse
2354 1049 2614 1139 sociae,
2674 1053 3092 1127 anronus
3151 1074 3426 1149 praeses
3450 1107 3470 1137 ,
3531 1055 3699 1125 erat.
3804 1050 4006 1131 Quae
4074 1035 4501 1147 iustissima'

1414 1196 1569 1268 spes
1630 1195 1791 1245 eum
1850 1170 2129 1259 fefellit,
2190 1194 2546 1269 novaeque
2606 1171 2748 1245 iam
2809 1178 2998 1247 ortae
3061 1178 3226 1245 sunt
3284 1168 3602 1268 querelae
3657 1169 3746 1243 ab
3805 1194 3945 1245 una
3990 1179 4186 1270 parte
4209 1230 4229 1259 ,
4281 1196 4452 1270 quas

1416 1288 1847 1388 excipiebant
1880 1291 2039 1365 lites
2074 1290 2519 1391 omnigenae,
2568 1314 2746 1389 quae
2783 1314 2872 1367 ne
2911 1297 3184 1365 mortuo
3224 1287 3509 1386 quidem
3553 1287 3948 1361 anm‘rlo
3991 1300 4449 1363 cessaverunt.

1413 1409 1632 1483 Totus
1690 1410 1876 1484 enim
1930 1410 2117 1485 orbis
2166 1410 2479 1485 eruditus
2527 1408 2636 1483 his
2673 1408 2885 1483 rebus
2923 1418 3310 1484 commotus
3348 1415 3419 1482 et
3469 1406 3929 1483 conturbatus
3969 1406 4127 1483 fuit.
4227 1409 4452 1481 Nemo

1412 1539 1645 1604 tamen
1708 1530 1934 1629 magis
2002 1531 2205 1605 istius
2266 1529 2724 1605 contentionis
2782 1528 3124 1629 particeps
3189 1527 3326 1604 suit
3346 1586 3365 1616 ,
3427 1551 3633 1601 nemo
3701 1526 3926 1601 acrius
3991 1526 4324 1603 honorem
4381 1538 4450 1601 et

1274 1742 1281 1749 .
1414 1651 1567 1723 iura
1629 1649 2001 1724 Lmsmrn
2060 1649 2369 1725 defendit
2426 1656 2665 1723 contra
2715 1648 3107 1747 Anglorum
3165 1648 3584 1723 calumniam
3610 1706 3629 1736 ,
3687 1648 4066 1723 an‘rono
4141 1672 4270 1723 suo
4323 1649 4449 1723 hac

1412 1770 1482 1841 in
1544 1794 1619 1843 re
1680 1770 1868 1843 iusto
1922 1769 2081 1868 plus
2136 1768 2594 1842 tribuentium
2615 1827 2635 1856 ,
2700 1792 2912 1866 quam
2965 1770 3510 1844 Bannounnms
3611 1766 3804 1843 Lites
3865 1777 4098 1841 tamen
4157 1767 4256 1843 ita
4307 1756 4446 1843 non

1414 1888 2041 1985 componebantur3
2094 1889 2217 1963 sed
2261 1888 2370 1961 vel
2417 1874 2642 1987 magis
2686 1912 2912 1987 usque
2961 1888 3216 1962 eruditi
3259 1887 3632 1963 certamina
3674 1886 4176 1986 provocabant,
4223 1912 4450 1986 quum

1418 2007 1847 2081 continenter
1894 2016 2257 2107 pergerent
2298 2007 2725 2107 problemata
2766 2031 3144 2106 proponere
3163 2066 3182 2095 ,
3242 2014 3324 2081 ut
3372 2006 3546 2107 quid
3595 2031 3769 2105 gens
3830 2030 4148 2104 quaeque
4195 2008 4448 2083 valeret

1418 2127 1488 2198 in
1552 2128 2038 2204 mathematica
2105 2130 2368 2227 analy'si
2436 2128 2725 2202 iudicari
2787 2136 3039 2227 posset.
3140 2130 3228 2202 In
3295 2128 3429 2201 isto
3487 2151 3644 2201 vero
3689 2126 4064 2201 certamine
4119 2128 4330 2201 talem
4373 2153 4446 2207 se

1416 2245 1733 2343 praebuit
1804 2248 2369 2336 Bannourmnm,
2440 2257 2520 2321 ut
2587 2272 2729 2321 non
2795 2248 2943 2323 sine
3012 2248 3162 2323 iure
3227 2272 3390 2323 cum
3457 2247 3703 2321 Coena
3774 2245 4240 2334 conferretur,
4307 2248 4450 2323 solo

1417 2364 1719 2437 hostium
1774 2366 2113 2439 exercitiis
2155 2366 2496 2465 impetum
2549 2368 2954 2443 sustinente.
3077 2368 3178 2441 Ut
3222 2368 3352 2442 hoc
3391 2390 3614 2441 unum
3657 2365 3977 2453 afferam,
4039 2365 4402 2442 Karanitis
4428 2425 4446 2454 ,

1417 2484 1727 2581 Anglus,
1774 2484 1897 2582 qui
1938 2486 2471 2585 propugnatoris
2511 2495 2741 2585 partes
2781 2486 2854 2559 in
2901 2508 2978 2561 se
3017 2486 3320 2585 suscepit
3353 2486 3428 2559 in
3470 2484 4028 2559 contentionibus
4069 2484 4244 2573 illis,
4291 2510 4446 2584 pro·

1415 2602 1649 2698 posuit
1703 2602 2211 2679 mathematicis
2264 2606 2606 2707 extraneis
2657 2604 3138 2680 difficillimum
3187 2604 3564 2704 problema.
3666 2603 3881 2682 Quod
3933 2604 4231 2681 Biennos
4240 2628 4451 2680 mnus

1418 2721 1621 2794 solvit
1638 2778 1658 2809 ,
1700 2721 1901 2820 isque
1938 2722 2162 2811 solue,
2206 2725 2375 2823 quin
2418 2724 2866 2824 probabiliter
2901 2725 3148 2800 unicus
3184 2725 3320 2799 fuit
3353 2724 3428 2799 in
3472 2723 3638 2799 orbe
3674 2722 3948 2798 erudito
3991 2724 4113 2822 qui
4151 2723 4314 2799 huic
4355 2725 4454 2798 rei

1417 2862 1543 2938 par
1576 2840 1797 2932 esset}
1846 2864 2097 2941 nempe
2136 2867 2263 2918 nec
2298 2842 2662 2921 Karmana
2686 2904 2706 2933 ,
2756 2844 2880 2943 qui
2917 2843 3404 2945 proposuerat,
3452 2868 3682 2943 neque
3726 2843 3905 2921 alius
3951 2843 4322 2943 quisquam
4369 2868 4454 2919 ex

1308 2992 1317 3003 ·
1416 2959 1569 3033 eius
1637 2959 1841 3034 sociis
1912 2984 2247 3060 umquam
2322 2963 2734 3039 solutionem
2812 2964 2886 3039 in
2948 2966 3173 3039 lucem
3241 2963 3566 3063 protulit,
3640 2962 3802 3037 licet
3861 2962 4262 3062 saepissime
4287 2978 4326 3051 ‚‘
4379 2972 4456 3036 ut

1416 3080 1757 3167 facerent,
1824 3082 2176 3178 provocati
2234 3081 2564 3175 fuissent;
2633 3107 2846 3181 quam
2909 3106 3056 3159 rem
3123 3083 3410 3183 indigne
3471 3082 3637 3159 tulit
3698 3084 4219 3159 Baunoumus
4239 3140 4262 3169 ,
4329 3106 4456 3157 nec

1422 3220 1578 3269 vero
1628 3196 1899 3273 silentio
1943 3199 2494 3299 indignationem
2547 3203 2974 3303 supprimere
3022 3204 3294 3280 voluit.‘
3557 3186 3566 3196 ⁶

1516 3315 1757 3391 Huius
1820 3320 2213 3395 certaminis
2232 3377 2281 3413 ,Ι
2316 3321 2391 3395 in
2463 3346 2604 3420 quo
2668 3322 2921 3398 eximia
2991 3322 3256 3423 ingenii
3307 3321 3412 3399 'vis
3471 3322 3623 3399 eius
3667 3322 3965 3399 maxime
4013 3320 4234 3397 eluxit
4255 3380 4274 3411 ,
4329 3324 4454 3397 sed

1418 3435 1618 3510 cuius
1676 3437 2012 3514 invidiam
2074 3440 2514 3541 exstinguere
2575 3465 2715 3519 non
2777 3443 3086 3537 studuit,
3149 3444 3363 3518 finem
3404 3466 3544 3517 non
3587 3442 3780 3519 vidit.
3879 3440 4142 3517 Perdiu
4180 3441 4272 3517 ab
4315 3466 4456 3517 una

1420 3564 1614 3653 parte
1674 3558 1927 3655 Angli,
2002 3560 2091 3634 ab
2153 3562 2368 3637 altera
2428 3562 2611 3637 Galli
2630 3621 2650 3651 ,
2719 3564 3049 3639 Germani
3089 3564 3436 3663 ceterique
3479 3562 3732 3639 eruditi
3774 3561 4122 3662 Europaei
4165 3560 4448 3661 iungere

1422 3676 1697 3749 dextras
1750 3676 2125 3751 noluerunt
2142 3736 2162 3767 ,
2214 3688 2295 3753 ut
2338 3690 2587 3755 mutuo
2637 3682 2894 3757 auxilio
2936 3684 3300 3759 commoda
3337 3682 3650 3758 omnium
3701 3682 4126 3759 adiuvarent.
4229 3681 4446 3758 cuius

1420 3790 1517 3864 rei
1550 3790 1836 3867 effectus
1868 3794 1929 3868 is
1964 3795 2132 3885 fuit,
2166 3804 2249 3879 ut
2266 3797 2355 3872 ab
2378 3806 2672 3899 utraque
2699 3808 2893 3901 parte
2914 3809 3428 3901 perseverarent
3448 3802 3520 3877 in
3545 3801 3735 3877 haud
3759 3801 4028 3877 levibus
4059 3800 4398 3876 erroribus
4423 3858 4445 3891 ,

1422 3934 1597 4008 quos
1638 3912 1941 4011 effugere
1980 3916 2369 4015 potuissent
2388 3976 2424 4007 ,,
2459 3927 2542 3993 ut
2591 3920 2858 3994 tardius
2905 3924 3311 4020 proficerent
3353 3929 3424 3996 et
3470 3922 3852 4023 doctrinam
3897 3921 4114 3997 serius
4161 3920 4446 4023 demum

1410 4029 1511 4117 ,ad
1544 4054 1707 4105 eum
1750 4033 2114 4111 eveherent
2160 4038 2457 4135 gradum
2479 4096 2500 4127 ,
2551 4063 2761 4137 quem
2807 4041 3149 4116 maturius
3189 4042 3532 4141 attingere
3571 4041 3928 4140 potuisset.
4031 4039 4180 4140 Ipsi
4237 4039 4450 4137 Angli

1424 4150 1552 4224 hoc
1588 4175 1757 4225 aevo
1787 4155 2201 4252 profitentur
2218 4215 2240 4246 ,
2270 4158 2500 4232 seculo
2551 4159 2898 4259 superiore
2940 4160 3116 4237 nihil
3150 4161 3374 4261 magis
3409 4162 3600 4260 apud
3637 4186 3710 4235 se
3751 4159 4102 4239 obstitisse
4139 4182 4448 4257 progres-

1422 4266 1615 4341 sibus
1678 4268 1754 4343 in
1820 4270 2203 4371 disciplinis
2270 4275 2776 4352 mathematicis
2839 4304 3052 4378 quam
3117 4281 3302 4380 ipsas
3368 4281 3521 4355 illas
3583 4278 3978 4355 inimicitias
4000 4336 4022 4366 ‚
4089 4278 4350 4378 quibus
4409 4302 4451 4351 a

1419 4385 1723 4485 reliquae
1762 4388 2083 4490 Europae
2134 4392 2421 4467 eruditis
2474 4396 3024 4497 seiungerentur.
3125 4400 3382 4475 Contra
3439 4401 3798 4490 inventum
3819 4458 3840 4489 ‚
3899 4398 4105 4498 longe
4149 4397 4448 4473 maxime

1418 4502 1691 4601 insigne
1736 4505 1812 4579 in
1859 4508 2145 4619 physica
2162 4570 2181 4601 ,
2232 4513 2706 4612 gravitationis
2753 4516 3154 4593 universalis
3173 4577 3192 4608 ,
3243 4526 3434 4595 extra
3474 4520 3805 4620 Angliam
3857 4519 3984 4593 diu
4015 4518 4447 4617 neglectum,

1424 4632 1883 4721 repugnatum
1907 4687 1927 4716 ,
1974 4628 2117 4704 imo
2150 4630 2618 4731 vituperatum
2657 4634 2794 4709 fuit
2810 4668 2830 4724 3
2881 4635 3078 4710 cuius
3114 4638 3534 4736 praestantia
3571 4638 3707 4711 nisi
3743 4644 4260 4735 agnosceretur,
4307 4658 4444 4707 non

1424 4737 1561 4813 nisi
1601 4740 1811 4819 falsae
1860 4754 1930 4817 et
1970 4748 2177 4823 arctis
2222 4750 2564 4827 limitibus
2611 4753 3164 4854 circumscriptae
3209 4780 3360 4831 esse
3399 4765 3716 4856 poterant
3760 4756 4076 4832 notiones
4123 4756 4212 4831 de
4259 4742 4448 4829 omni

1422 4859 1705 4958 omnino
1750 4886 1976 4975 rerum
2030 4876 2317 4945 naturae
2338 4972 2341 4977 Ι
2364 4870 2622 4975 fabrica
2669 4882 2738 4947 et
2784 4874 3270 4953 mechanisma
