<?xml version="1.0" encoding="UTF-8"?>
<!DOCTYPE html PUBLIC "-//W3C//DTD XHTML 1.0 Transitional//EN"
    "http://www.w3.org/TR/xhtml1/DTD/xhtml1-transitional.dtd">
<html xmlns="http://www.w3.org/1999/xhtml" xml:lang="en" lang="en">
 <head>
  <title>
</title>
<meta http-equiv="Content-Type" content="text/html;charset=utf-8" />
  <meta name='ocr-system' content='tesseract 3.04.00' />
  <meta name='ocr-capabilities' content='ocr_page ocr_carea ocr_par ocr_line ocrx_word'/>
</head>
<body>
  <div class='ocr_page' id='page_1' title='image "annalesacademic24unkngoog_0112.png"; bbox 0 0 4967 6217; ppageno 0'>
   <div class='ocr_carea' id='block_1_1' title="bbox 1358 668 3296 755">
    <p class='ocr_par' dir='ltr' id='par_1_1' title="bbox 1358 668 3296 755">
     <span class='ocr_line' id='line_1_1' title="bbox 1358 668 3296 755; baseline 0 -2"><span class='ocrx_word' id='word_1_1' title='bbox 1358 690 1484 755; x_wconf 85' lang='lat'><strong>102</strong></span> <span class='ocrx_word' id='word_1_2' title='bbox 2435 688 2515 754; x_wconf 82' lang='lat' dir='ltr'><strong>c.</strong></span> <span class='ocrx_word' id='word_1_3' title='bbox 2585 688 2662 755; x_wconf 79' lang='lat' dir='ltr'><strong>A.</strong></span> <span class='ocrx_word' id='word_1_4' title='bbox 2730 668 3296 755; x_wconf 52' lang='lat' dir='ltr'><strong>ausonam&amp;</strong></span> 
     </span>
    </p>
   </div>
   <div class='ocr_carea' id='block_1_2' title="bbox 1272 890 4392 4915">
    <p class='ocr_par' dir='ltr' id='par_1_2' title="bbox 1356 890 4388 1470">
     <span class='ocr_line' id='line_1_2' title="bbox 1454 890 4388 994; baseline -0.001 -23"><span class='ocrx_word' id='word_1_5' title='bbox 1454 896 1828 994; x_wconf 75' lang='lat' dir='ltr'><strong>Praecipue</strong></span> <span class='ocrx_word' id='word_1_6' title='bbox 1896 890 2315 991; x_wconf 87' lang='lat' dir='ltr'><strong>disciplinae·</strong></span> <span class='ocrx_word' id='word_1_7' title='bbox 2358 892 2885 969; x_wconf 79' lang='lat' dir='ltr'><strong>mathematicae</strong></span> <span class='ocrx_word' id='word_1_8' title='bbox 2949 918 3172 994; x_wconf 89' lang='lat' dir='ltr'><strong>usque</strong></span> <span class='ocrx_word' id='word_1_9' title='bbox 3249 893 3342 967; x_wconf 84' lang='lat' dir='ltr'><strong>ad</strong></span> <span class='ocrx_word' id='word_1_10' title='bbox 3417 898 3798 991; x_wconf 89' lang='lat' dir='ltr'><strong>postremos</strong></span> <span class='ocrx_word' id='word_1_11' title='bbox 3867 893 4082 967; x_wconf 87' lang='lat' dir='ltr'><strong>seculi</strong></span> <span class='ocrx_word' id='word_1_12' title='bbox 4137 894 4388 971; x_wconf 80' lang='lat' dir='ltr'><strong>decimi</strong></span> 
     </span>
     <span class='ocr_line' id='line_1_3' title="bbox 1360 997 4384 1115; baseline -0 -25"><span class='ocrx_word' id='word_1_13' title='bbox 1360 997 1637 1115; x_wconf 78' lang='lat' dir='ltr'><strong>septimi</strong></span> <span class='ocrx_word' id='word_1_14' title='bbox 1695 1037 1910 1089; x_wconf 90' lang='lat' dir='ltr'><strong>annos</strong></span> <span class='ocrx_word' id='word_1_15' title='bbox 1968 1011 2319 1111; x_wconf 75' lang='lat' dir='ltr'><strong>neglectae</strong></span> <span class='ocrx_word' id='word_1_16' title='bbox 2386 1019 2570 1087; x_wconf 86' lang='lat' dir='ltr'><strong>sunt.</strong></span> <span class='ocrx_word' id='word_1_17' title='bbox 2683 1014 2895 1088; x_wconf 89' lang='lat' dir='ltr'><strong>Alma</strong></span> <span class='ocrx_word' id='word_1_18' title='bbox 2949 1022 3184 1089; x_wconf 87' lang='lat' dir='ltr'><strong>nostra</strong></span> <span class='ocrx_word' id='word_1_19' title='bbox 3252 1018 3473 1087; x_wconf 91' lang='lat' dir='ltr'><strong>mater</strong></span> <span class='ocrx_word' id='word_1_20' title='bbox 3545 1010 3654 1085; x_wconf 88' lang='lat' dir='ltr'><strong>his</strong></span> <span class='ocrx_word' id='word_1_21' title='bbox 3678 1069 3700 1099; x_wconf 87' lang='lat'><strong>,</strong></span> <span class='ocrx_word' id='word_1_22' title='bbox 3771 1019 3942 1087; x_wconf 92' lang='lat' dir='ltr'><strong>tunc</strong></span> <span class='ocrx_word' id='word_1_23' title='bbox 4009 1014 4340 1113; x_wconf 84' lang='lat' dir='ltr'><strong>temporis</strong></span> <span class='ocrx_word' id='word_1_24' title='bbox 4362 1072 4384 1103; x_wconf 91' lang='lat'><strong>,</strong></span> 
     </span>
     <span class='ocr_line' id='line_1_4' title="bbox 1358 1132 4383 1230; baseline 0 -21"><span class='ocrx_word' id='word_1_25' title='bbox 1358 1137 1575 1209; x_wconf 84' lang='lat' dir='ltr'><strong>instar</strong></span> <span class='ocrx_word' id='word_1_26' title='bbox 1629 1150 1956 1207; x_wconf 85' lang='lat' dir='ltr'><strong>novercae</strong></span> <span class='ocrx_word' id='word_1_27' title='bbox 2010 1138 2187 1217; x_wconf 81' lang='lat' dir='ltr'><strong>erat3</strong></span> <span class='ocrx_word' id='word_1_28' title='bbox 2238 1155 2367 1205; x_wconf 87' lang='lat' dir='ltr'><strong>nec</strong></span> <span class='ocrx_word' id='word_1_29' title='bbox 2414 1154 2580 1205; x_wconf 84' lang='lat' dir='ltr'><strong>cura</strong></span> <span class='ocrx_word' id='word_1_30' title='bbox 2619 1138 2814 1207; x_wconf 89' lang='lat' dir='ltr'><strong>tanta</strong></span> <span class='ocrx_word' id='word_1_31' title='bbox 2855 1158 2972 1208; x_wconf 88' lang='lat' dir='ltr'><strong>eas</strong></span> <span class='ocrx_word' id='word_1_32' title='bbox 3013 1133 3188 1208; x_wconf 88' lang='lat' dir='ltr'><strong>aluit</strong></span> <span class='ocrx_word' id='word_1_33' title='bbox 3233 1137 3493 1230; x_wconf 88' lang='lat' dir='ltr'><strong>quanta</strong></span> <span class='ocrx_word' id='word_1_34' title='bbox 3533 1155 3794 1206; x_wconf 84' lang='lat' dir='ltr'><strong>sorores</strong></span> <span class='ocrx_word' id='word_1_35' title='bbox 3839 1138 4014 1206; x_wconf 88' lang='lat' dir='ltr'><strong>natu</strong></span> <span class='ocrx_word' id='word_1_36' title='bbox 4052 1132 4342 1209; x_wconf 86' lang='lat' dir='ltr'><strong>maiores</strong></span> <span class='ocrx_word' id='word_1_37' title='bbox 4361 1192 4383 1222; x_wconf 87' lang='lat'><strong>,</strong></span> 
     </span>
     <span class='ocr_line' id='line_1_5' title="bbox 1356 1249 4378 1384; baseline 0 -57"><span class='ocrx_word' id='word_1_38' title='bbox 1356 1252 1734 1384; x_wconf 80' lang='lat' dir='ltr'><strong>Lugduno·</strong></span> <span class='ocrx_word' id='word_1_39' title='bbox 1710 1250 1999 1325; x_wconf 88' lang='lat' dir='ltr'><strong>-Batava</strong></span> <span class='ocrx_word' id='word_1_40' title='bbox 2042 1256 2113 1325; x_wconf 90' lang='lat' dir='ltr'><strong>et</strong></span> <span class='ocrx_word' id='word_1_41' title='bbox 2148 1250 2707 1347; x_wconf 84' lang='lat' dir='ltr'><strong>Franequerana‚</strong></span> <span class='ocrx_word' id='word_1_42' title='bbox 2758 1277 2936 1351; x_wconf 90' lang='lat' dir='ltr'><strong>quae</strong></span> <span class='ocrx_word' id='word_1_43' title='bbox 2977 1251 3497 1327; x_wconf 87' lang='lat' dir='ltr'><strong>mathematicos</strong></span> <span class='ocrx_word' id='word_1_44' title='bbox 3544 1249 3678 1324; x_wconf 86' lang='lat' dir='ltr'><strong>sibi</strong></span> <span class='ocrx_word' id='word_1_45' title='bbox 3729 1250 4178 1327; x_wconf 83' lang='lat' dir='ltr'><strong>devinxerant</strong></span> <span class='ocrx_word' id='word_1_46' title='bbox 4225 1277 4378 1352; x_wconf 88' lang='lat' dir='ltr'><strong>per·</strong></span> 
     </span>
     <span class='ocr_line' id='line_1_6' title="bbox 1358 1369 3620 1470; baseline 0 -27"><span class='ocrx_word' id='word_1_47' title='bbox 1358 1370 1705 1470; x_wconf 85' lang='lat' dir='ltr'><strong>egregios:</strong></span> <span class='ocrx_word' id='word_1_48' title='bbox 1760 1369 2150 1458; x_wconf 67' lang='lat' dir='ltr'><strong>Summos,</strong></span> <span class='ocrx_word' id='word_1_49' title='bbox 2202 1369 2751 1460; x_wconf 74' lang='lat' dir='ltr'><strong>Scuoo&#39;rnmoS,</strong></span> <span class='ocrx_word' id='word_1_50' title='bbox 2799 1370 3620 1458; x_wconf 68' lang='lat' dir='ltr'><strong>Mm10s‚Fm.1.nmos.</strong></span> 
     </span>
    </p>

    <p class='ocr_par' dir='ltr' id='par_1_3' title="bbox 1336 1486 4381 1588">
     <span class='ocr_line' id='line_1_7' title="bbox 1336 1486 4381 1588; baseline -0 -23"><span class='ocrx_word' id='word_1_51' title='bbox 1336 1486 1345 1491; x_wconf 71' lang='grc'><strong><em>’</em></strong></span> <span class='ocrx_word' id='word_1_52' title='bbox 1453 1491 1619 1565; x_wconf 93' lang='lat' dir='ltr'><strong>Non</strong></span> <span class='ocrx_word' id='word_1_53' title='bbox 1682 1513 2057 1588; x_wconf 85' lang='lat' dir='ltr'><strong>negamus,</strong></span> <span class='ocrx_word' id='word_1_54' title='bbox 2126 1487 2251 1585; x_wconf 90' lang='lat' dir='ltr'><strong>qui</strong></span> <span class='ocrx_word' id='word_1_55' title='bbox 2312 1489 2580 1586; x_wconf 87' lang='lat' dir='ltr'><strong>primus</strong></span> <span class='ocrx_word' id='word_1_56' title='bbox 2647 1490 2762 1565; x_wconf 85' lang='lat' dir='ltr'><strong>luc</strong></span> <span class='ocrx_word' id='word_1_57' title='bbox 2822 1491 3133 1565; x_wconf 83' lang='lat' dir='ltr'><strong>escendit</strong></span> <span class='ocrx_word' id='word_1_58' title='bbox 3191 1490 3266 1563; x_wconf 90' lang='lat' dir='ltr'><strong>in</strong></span> <span class='ocrx_word' id='word_1_59' title='bbox 3323 1487 3721 1563; x_wconf 81' lang='lat' dir='ltr'><strong>cathedram</strong></span> <span class='ocrx_word' id='word_1_60' title='bbox 3782 1487 4381 1577; x_wconf 80' lang='lat' dir='ltr'><strong>mathematicam,</strong></span> 
     </span>
    </p>

    <p class='ocr_par' dir='ltr' id='par_1_4' title="bbox 1272 1604 4392 4084">
     <span class='ocr_line' id='line_1_8' title="bbox 1358 1604 4383 1705; baseline -0.001 -22"><span class='ocrx_word' id='word_1_61' title='bbox 1358 1611 1759 1683; x_wconf 68' lang='lat' dir='ltr'><strong>Nrconauu</strong></span> <span class='ocrx_word' id='word_1_62' title='bbox 1788 1609 2203 1682; x_wconf 61' lang='lat' dir='ltr'><strong>Muranum</strong></span> <span class='ocrx_word' id='word_1_63' title='bbox 2239 1612 2485 1703; x_wconf 90' lang='lat' dir='ltr'><strong>(quem</strong></span> <span class='ocrx_word' id='word_1_64' title='bbox 2517 1608 2724 1681; x_wconf 87' lang='lat' dir='ltr'><strong>simul</strong></span> <span class='ocrx_word' id='word_1_65' title='bbox 2749 1608 3162 1683; x_wconf 86' lang='lat' dir='ltr'><strong>medicinam</strong></span> <span class='ocrx_word' id='word_1_66' title='bbox 3189 1606 3428 1681; x_wconf 91' lang='lat' dir='ltr'><strong>docere</strong></span> <span class='ocrx_word' id='word_1_67' title='bbox 3459 1606 3896 1705; x_wconf 81' lang='lat' dir='ltr'><strong>oportebat),</strong></span> <span class='ocrx_word' id='word_1_68' title='bbox 3923 1606 4148 1681; x_wconf 84' lang='lat' dir='ltr'><strong>virum</strong></span> <span class='ocrx_word' id='word_1_69' title='bbox 4171 1604 4383 1681; x_wconf 81' lang='lat' dir='ltr'><strong>fuisse</strong></span> 
     </span>
     <span class='ocr_line' id='line_1_9' title="bbox 1326 1724 4384 1827; baseline -0.001 -26"><span class='ocrx_word' id='word_1_70' title='bbox 1326 1728 1691 1803; x_wconf 82' lang='lat' dir='ltr'><strong>-eximium</strong></span> <span class='ocrx_word' id='word_1_71' title='bbox 1709 1786 1727 1815; x_wconf 93' lang='lat'><strong>,</strong></span> <span class='ocrx_word' id='word_1_72' title='bbox 1754 1727 1879 1825; x_wconf 91' lang='lat' dir='ltr'><strong>qui</strong></span> <span class='ocrx_word' id='word_1_73' title='bbox 1900 1726 2158 1826; x_wconf 88' lang='lat' dir='ltr'><strong>optime</strong></span> <span class='ocrx_word' id='word_1_74' title='bbox 2181 1726 2437 1800; x_wconf 89' lang='lat' dir='ltr'><strong>meruit</strong></span> <span class='ocrx_word' id='word_1_75' title='bbox 2462 1728 2550 1801; x_wconf 89' lang='lat' dir='ltr'><strong>de</strong></span> <span class='ocrx_word' id='word_1_76' title='bbox 2576 1727 2954 1827; x_wconf 88' lang='lat' dir='ltr'><strong>disciplinis</strong></span> <span class='ocrx_word' id='word_1_77' title='bbox 2975 1786 2996 1816; x_wconf 94' lang='lat'><strong>,</strong></span> <span class='ocrx_word' id='word_1_78' title='bbox 3027 1727 3230 1801; x_wconf 89' lang='lat' dir='ltr'><strong>editis</strong></span> <span class='ocrx_word' id='word_1_79' title='bbox 3252 1724 3571 1824; x_wconf 86' lang='lat' dir='ltr'><strong>pluribus</strong></span> <span class='ocrx_word' id='word_1_80' title='bbox 3597 1724 3918 1824; x_wconf 86' lang='lat' dir='ltr'><strong>operibus</strong></span> <span class='ocrx_word' id='word_1_81' title='bbox 3940 1782 3961 1812; x_wconf 89' lang='lat'><strong>,</strong></span> <span class='ocrx_word' id='word_1_82' title='bbox 3990 1727 4384 1825; x_wconf 86' lang='lat' dir='ltr'><strong>argumenti</strong></span> 
     </span>
     <span class='ocr_line' id='line_1_10' title="bbox 1357 1843 4382 1946; baseline -0.001 -26"><span class='ocrx_word' id='word_1_83' title='bbox 1357 1846 1657 1921; x_wconf 85' lang='lat' dir='ltr'><strong>maxime</strong></span> <span class='ocrx_word' id='word_1_84' title='bbox 1686 1843 2145 1920; x_wconf 84' lang='lat' dir='ltr'><strong>astronomici.</strong></span> <span class='ocrx_word' id='word_1_85' title='bbox 2208 1844 2349 1917; x_wconf 89' lang='lat' dir='ltr'><strong>Sed</strong></span> <span class='ocrx_word' id='word_1_86' title='bbox 2374 1870 2455 1919; x_wconf 86' lang='lat' dir='ltr'><strong>ex</strong></span> <span class='ocrx_word' id='word_1_87' title='bbox 2478 1870 2562 1919; x_wconf 92' lang='lat' dir='ltr'><strong>eo</strong></span> <span class='ocrx_word' id='word_1_88' title='bbox 2593 1846 2754 1920; x_wconf 89' lang='lat' dir='ltr'><strong>inde</strong></span> <span class='ocrx_word' id='word_1_89' title='bbox 2787 1854 3090 1946; x_wconf 87' lang='lat' dir='ltr'><strong>tempore</strong></span> <span class='ocrx_word' id='word_1_90' title='bbox 3119 1844 3442 1919; x_wconf 85' lang='lat' dir='ltr'><strong>cathedra</strong></span> <span class='ocrx_word' id='word_1_91' title='bbox 3465 1868 3508 1917; x_wconf 86' lang='lat' dir='ltr'><strong>a</strong></span> <span class='ocrx_word' id='word_1_92' title='bbox 3531 1849 3830 1941; x_wconf 89' lang='lat' dir='ltr'><strong>quatuor</strong></span> <span class='ocrx_word' id='word_1_93' title='bbox 3855 1843 4184 1917; x_wconf 86' lang='lat' dir='ltr'><strong>continua</strong></span> <span class='ocrx_word' id='word_1_94' title='bbox 4213 1843 4382 1918; x_wconf 88' lang='lat' dir='ltr'><strong>serie</strong></span> 
     </span>
     <span class='ocr_line' id='line_1_11' title="bbox 1364 1960 4379 2064; baseline 0 -27"><span class='ocrx_word' id='word_1_95' title='bbox 1364 1990 1511 2049; x_wconf 84' lang='lat' dir='ltr'><strong>sese</strong></span> <span class='ocrx_word' id='word_1_96' title='bbox 1556 1964 2055 2064; x_wconf 84' lang='lat' dir='ltr'><strong>excipientibus</strong></span> <span class='ocrx_word' id='word_1_97' title='bbox 2099 1963 2260 2037; x_wconf 87' lang='lat' dir='ltr'><strong>viris</strong></span> <span class='ocrx_word' id='word_1_98' title='bbox 2302 1972 2636 2062; x_wconf 89' lang='lat' dir='ltr'><strong>occupata</strong></span> <span class='ocrx_word' id='word_1_99' title='bbox 2679 1974 2823 2053; x_wconf 90' lang='lat' dir='ltr'><strong>est,</strong></span> <span class='ocrx_word' id='word_1_100' title='bbox 2873 1990 3170 2064; x_wconf 90' lang='lat' dir='ltr'><strong>quorum</strong></span> <span class='ocrx_word' id='word_1_101' title='bbox 3211 1962 3458 2036; x_wconf 87' lang='lat' dir='ltr'><strong>merita</strong></span> <span class='ocrx_word' id='word_1_102' title='bbox 3503 1960 3802 2035; x_wconf 88' lang='lat' dir='ltr'><strong>tenebris</strong></span> <span class='ocrx_word' id='word_1_103' title='bbox 3842 1961 4093 2036; x_wconf 88' lang='lat' dir='ltr'><strong>obruta</strong></span> <span class='ocrx_word' id='word_1_104' title='bbox 4136 1962 4350 2037; x_wconf 88' lang='lat' dir='ltr'><strong>latent</strong></span> <span class='ocrx_word' id='word_1_105' title='bbox 4360 1998 4379 2052; x_wconf 79' lang='lat'><em>3</em></span> 
     </span>
     <span class='ocr_line' id='line_1_12' title="bbox 1360 2080 4380 2182; baseline -0.001 -23"><span class='ocrx_word' id='word_1_106' title='bbox 1360 2086 1631 2159; x_wconf 89' lang='lat' dir='ltr'><strong>nullum</strong></span> <span class='ocrx_word' id='word_1_107' title='bbox 1653 2083 1909 2182; x_wconf 92' lang='lat' dir='ltr'><strong>quippe</strong></span> <span class='ocrx_word' id='word_1_108' title='bbox 1934 2084 2263 2181; x_wconf 87' lang='lat' dir='ltr'><strong>scriptum</strong></span> <span class='ocrx_word' id='word_1_109' title='bbox 2286 2084 2854 2159; x_wconf 87' lang='lat' dir='ltr'><strong>mathematicum</strong></span> <span class='ocrx_word' id='word_1_110' title='bbox 2877 2084 3278 2169; x_wconf 85' lang='lat' dir='ltr'><strong>ediderunt,</strong></span> <span class='ocrx_word' id='word_1_111' title='bbox 3306 2080 3633 2179; x_wconf 88' lang='lat' dir='ltr'><strong>nullaque</strong></span> <span class='ocrx_word' id='word_1_112' title='bbox 3664 2088 3942 2179; x_wconf 87' lang='lat' dir='ltr'><strong>propter</strong></span> <span class='ocrx_word' id='word_1_113' title='bbox 3964 2080 4380 2180; x_wconf 88' lang='lat' dir='ltr'><strong>discipulum</strong></span> 
     </span>
     <span class='ocr_line' id='line_1_13' title="bbox 1362 2199 4382 2302; baseline -0.001 -25"><span class='ocrx_word' id='word_1_114' title='bbox 1362 2206 1663 2302; x_wconf 90' lang='lat' dir='ltr'><strong>aliquem</strong></span> <span class='ocrx_word' id='word_1_115' title='bbox 1707 2202 2147 2276; x_wconf 88' lang='lat' dir='ltr'><strong>celebriorem</strong></span> <span class='ocrx_word' id='word_1_116' title='bbox 2184 2202 2447 2276; x_wconf 89' lang='lat' dir='ltr'><strong>mentio</strong></span> <span class='ocrx_word' id='word_1_117' title='bbox 2483 2229 2720 2277; x_wconf 90' lang='lat' dir='ltr'><strong>eorum</strong></span> <span class='ocrx_word' id='word_1_118' title='bbox 2750 2205 2928 2279; x_wconf 88' lang='lat' dir='ltr'><strong>facta</strong></span> <span class='ocrx_word' id='word_1_119' title='bbox 2955 2212 3060 2278; x_wconf 90' lang='lat' dir='ltr'><strong>est</strong></span> <span class='ocrx_word' id='word_1_120' title='bbox 3088 2204 3162 2277; x_wconf 92' lang='lat' dir='ltr'><strong>in</strong></span> <span class='ocrx_word' id='word_1_121' title='bbox 3191 2200 3474 2276; x_wconf 88' lang='lat' dir='ltr'><strong>historia</strong></span> <span class='ocrx_word' id='word_1_122' title='bbox 3493 2199 3864 2289; x_wconf 83' lang='lat' dir='ltr'><strong>literarum.</strong></span> <span class='ocrx_word' id='word_1_123' title='bbox 3939 2200 4217 2273; x_wconf 91' lang='lat' dir='ltr'><strong>Horum</strong></span> <span class='ocrx_word' id='word_1_124' title='bbox 4248 2200 4382 2299; x_wconf 85' lang='lat' dir='ltr'><strong>pri-</strong></span> 
     </span>
     <span class='ocr_line' id='line_1_14' title="bbox 1362 2317 4386 2421; baseline -0.001 -26"><span class='ocrx_word' id='word_1_125' title='bbox 1362 2346 1521 2397; x_wconf 85' lang='lat' dir='ltr'><strong>mus</strong></span> <span class='ocrx_word' id='word_1_126' title='bbox 1558 2322 1692 2394; x_wconf 88' lang='lat' dir='ltr'><strong>fuit</strong></span> <span class='ocrx_word' id='word_1_127' title='bbox 1734 2322 2088 2393; x_wconf 67' lang='lat' dir='ltr'><strong>Marfflas</strong></span> <span class='ocrx_word' id='word_1_128' title='bbox 2118 2322 2407 2409; x_wconf 73' lang='grc' dir='ltr'><strong>ΡΑεοΒ,</strong></span> <span class='ocrx_word' id='word_1_129' title='bbox 2444 2324 2568 2419; x_wconf 91' lang='lat' dir='ltr'><strong>qui</strong></span> <span class='ocrx_word' id='word_1_130' title='bbox 2595 2322 3086 2421; x_wconf 84' lang='lat' dir='ltr'><strong>professionem</strong></span> <span class='ocrx_word' id='word_1_131' title='bbox 3117 2322 3252 2395; x_wconf 89' lang='lat' dir='ltr'><strong>sibi</strong></span> <span class='ocrx_word' id='word_1_132' title='bbox 3275 2317 3582 2393; x_wconf 88' lang='lat' dir='ltr'><strong>oblatam</strong></span> <span class='ocrx_word' id='word_1_133' title='bbox 3615 2319 3755 2393; x_wconf 88' lang='lat' dir='ltr'><strong>cito</strong></span> <span class='ocrx_word' id='word_1_134' title='bbox 3793 2327 3899 2406; x_wconf 89' lang='lat' dir='ltr'><strong>et,</strong></span> <span class='ocrx_word' id='word_1_135' title='bbox 3938 2319 4045 2392; x_wconf 91' lang='lat' dir='ltr'><strong>uti</strong></span> <span class='ocrx_word' id='word_1_136' title='bbox 4081 2319 4386 2407; x_wconf 84' lang='lat' dir='ltr'><strong>videtur,</strong></span> 
     </span>
     <span class='ocr_line' id='line_1_15' title="bbox 1361 2437 4384 2537; baseline 0 -25"><span class='ocrx_word' id='word_1_137' title='bbox 1361 2439 1608 2513; x_wconf 89' lang='lat' dir='ltr'><strong>lubens</strong></span> <span class='ocrx_word' id='word_1_138' title='bbox 1666 2462 1828 2513; x_wconf 89' lang='lat' dir='ltr'><strong>cum</strong></span> <span class='ocrx_word' id='word_1_139' title='bbox 1894 2437 2029 2511; x_wconf 86' lang='lat' dir='ltr'><strong>alia</strong></span> <span class='ocrx_word' id='word_1_140' title='bbox 2092 2439 2562 2513; x_wconf 85' lang='lat' dir='ltr'><strong>commutavit.</strong></span> <span class='ocrx_word' id='word_1_141' title='bbox 2662 2440 2846 2512; x_wconf 81' lang='lat' dir='ltr'><strong>Tum</strong></span> <span class='ocrx_word' id='word_1_142' title='bbox 2891 2439 3269 2512; x_wconf 64' lang='lat' dir='ltr'><strong>Ionmnns</strong></span> <span class='ocrx_word' id='word_1_143' title='bbox 3314 2438 3771 2527; x_wconf 67' lang='lat' dir='ltr'><strong>Romamne,</strong></span> <span class='ocrx_word' id='word_1_144' title='bbox 3831 2438 3956 2537; x_wconf 91' lang='lat' dir='ltr'><strong>qui</strong></span> <span class='ocrx_word' id='word_1_145' title='bbox 4003 2439 4262 2513; x_wconf 86' lang='lat' dir='ltr'><strong>morbis</strong></span> <span class='ocrx_word' id='word_1_146' title='bbox 4315 2448 4384 2514; x_wconf 88' lang='lat' dir='ltr'><strong>et</strong></span> 
     </span>
     <span class='ocr_line' id='line_1_16' title="bbox 1360 2556 4390 2656; baseline 0 -25"><span class='ocrx_word' id='word_1_147' title='bbox 1360 2558 1559 2633; x_wconf 86' lang='lat' dir='ltr'><strong>malis</strong></span> <span class='ocrx_word' id='word_1_148' title='bbox 1618 2556 2006 2655; x_wconf 88' lang='lat' dir='ltr'><strong>omnigenis</strong></span> <span class='ocrx_word' id='word_1_149' title='bbox 2071 2564 2347 2631; x_wconf 87' lang='lat' dir='ltr'><strong>coactus</strong></span> <span class='ocrx_word' id='word_1_150' title='bbox 2391 2558 2527 2631; x_wconf 83' lang='lat' dir='ltr'><strong>fuit</strong></span> <span class='ocrx_word' id='word_1_151' title='bbox 2570 2558 2790 2633; x_wconf 88' lang='lat' dir='ltr'><strong>labori</strong></span> <span class='ocrx_word' id='word_1_152' title='bbox 2839 2558 3228 2632; x_wconf 89' lang='lat' dir='ltr'><strong>academico</strong></span> <span class='ocrx_word' id='word_1_153' title='bbox 3267 2564 3338 2629; x_wconf 88' lang='lat' dir='ltr'><strong>et</strong></span> <span class='ocrx_word' id='word_1_154' title='bbox 3386 2557 3613 2655; x_wconf 81' lang='lat' dir='ltr'><strong>praxi,</strong></span> <span class='ocrx_word' id='word_1_155' title='bbox 3665 2582 3876 2656; x_wconf 91' lang='lat' dir='ltr'><strong>quam</strong></span> <span class='ocrx_word' id='word_1_156' title='bbox 3921 2558 3995 2631; x_wconf 91' lang='lat' dir='ltr'><strong>in</strong></span> <span class='ocrx_word' id='word_1_157' title='bbox 4041 2557 4170 2633; x_wconf 90' lang='lat' dir='ltr'><strong>hac</strong></span> <span class='ocrx_word' id='word_1_158' title='bbox 4219 2558 4390 2633; x_wconf 92' lang='lat' dir='ltr'><strong>urbe</strong></span> 
     </span>
     <span class='ocr_line' id='line_1_17' title="bbox 1361 2674 4386 2764; baseline -0 -12"><span class='ocrx_word' id='word_1_159' title='bbox 1361 2674 1758 2764; x_wconf 75' lang='lat' dir='ltr'><strong>exercebat,</strong></span> <span class='ocrx_word' id='word_1_160' title='bbox 1825 2675 2133 2749; x_wconf 87' lang='lat' dir='ltr'><strong>medicae</strong></span> <span class='ocrx_word' id='word_1_161' title='bbox 2207 2677 2602 2753; x_wconf 85' lang='lat' dir='ltr'><strong>valedicere.</strong></span> <span class='ocrx_word' id='word_1_162' title='bbox 2703 2678 2873 2753; x_wconf 84' lang='lat' dir='ltr'><strong>Post</strong></span> <span class='ocrx_word' id='word_1_163' title='bbox 2927 2677 3137 2752; x_wconf 89' lang='lat' dir='ltr'><strong>huius</strong></span> <span class='ocrx_word' id='word_1_164' title='bbox 3199 2675 3473 2750; x_wconf 89' lang='lat' dir='ltr'><strong>obitum</strong></span> <span class='ocrx_word' id='word_1_165' title='bbox 3516 2675 3726 2750; x_wconf 84' lang='lat' dir='ltr'><strong>frater</strong></span> <span class='ocrx_word' id='word_1_166' title='bbox 3776 2676 4196 2753; x_wconf 68' lang='lat' dir='ltr'><strong>Ioacrmms</strong></span> <span class='ocrx_word' id='word_1_167' title='bbox 4238 2677 4386 2751; x_wconf 87' lang='lat' dir='ltr'><strong>eius</strong></span> 
     </span>
     <span class='ocr_line' id='line_1_18' title="bbox 1359 2793 4380 2896; baseline 0.001 -27"><span class='ocrx_word' id='word_1_168' title='bbox 1359 2796 1589 2869; x_wconf 90' lang='lat' dir='ltr'><strong>locum</strong></span> <span class='ocrx_word' id='word_1_169' title='bbox 1648 2795 2050 2894; x_wconf 84' lang='lat' dir='ltr'><strong>occupavit,</strong></span> <span class='ocrx_word' id='word_1_170' title='bbox 2121 2795 2325 2869; x_wconf 88' lang='lat' dir='ltr'><strong>titulo</strong></span> <span class='ocrx_word' id='word_1_171' title='bbox 2392 2796 2794 2894; x_wconf 85' lang='lat' dir='ltr'><strong>professoris</strong></span> <span class='ocrx_word' id='word_1_172' title='bbox 2853 2796 3241 2870; x_wconf 86' lang='lat' dir='ltr'><strong>matheseos</strong></span> <span class='ocrx_word' id='word_1_173' title='bbox 3290 2802 3360 2869; x_wconf 90' lang='lat' dir='ltr'><strong>et</strong></span> <span class='ocrx_word' id='word_1_174' title='bbox 3402 2793 3866 2893; x_wconf 88' lang='lat' dir='ltr'><strong>eloquentiae;</strong></span> <span class='ocrx_word' id='word_1_175' title='bbox 3929 2820 4070 2894; x_wconf 92' lang='lat' dir='ltr'><strong>quo</strong></span> <span class='ocrx_word' id='word_1_176' title='bbox 4111 2795 4380 2896; x_wconf 87' lang='lat' dir='ltr'><strong>duplice</strong></span> 
     </span>
     <span class='ocr_line' id='line_1_19' title="bbox 1354 2910 4392 3014; baseline 0 -27"><span class='ocrx_word' id='word_1_177' title='bbox 1354 2910 1650 2988; x_wconf 69' lang='lat' dir='ltr'><strong>‘munere</strong></span> <span class='ocrx_word' id='word_1_178' title='bbox 1722 2938 1864 3012; x_wconf 89' lang='lat' dir='ltr'><strong>qua</strong></span> <span class='ocrx_word' id='word_1_179' title='bbox 1934 2913 2197 2987; x_wconf 87' lang='lat' dir='ltr'><strong>ratione</strong></span> <span class='ocrx_word' id='word_1_180' title='bbox 2258 2914 2349 2988; x_wconf 86' lang='lat' dir='ltr'><strong>sit</strong></span> <span class='ocrx_word' id='word_1_181' title='bbox 2407 2914 2690 2989; x_wconf 87' lang='lat' dir='ltr'><strong>functus</strong></span> <span class='ocrx_word' id='word_1_182' title='bbox 2736 2940 2850 2989; x_wconf 92' lang='lat' dir='ltr'><strong>me</strong></span> <span class='ocrx_word' id='word_1_183' title='bbox 2910 2915 3194 3014; x_wconf 89' lang='lat' dir='ltr'><strong>quidem</strong></span> <span class='ocrx_word' id='word_1_184' title='bbox 3251 2915 3468 2991; x_wconf 87' lang='lat' dir='ltr'><strong>latet..</strong></span> <span class='ocrx_word' id='word_1_185' title='bbox 3511 2915 3756 2989; x_wconf 69' lang='lat' dir='ltr'><strong>*Hunc</strong></span> <span class='ocrx_word' id='word_1_186' title='bbox 3797 2913 4083 2990; x_wconf 88' lang='lat' dir='ltr'><strong>tandem</strong></span> <span class='ocrx_word' id='word_1_187' title='bbox 4125 2916 4392 3014; x_wconf 81' lang='lat' dir='ltr'><strong>excepit</strong></span> 
     </span>
     <span class='ocr_line' id='line_1_20' title="bbox 1272 3033 4386 3133; baseline 0.001 -27"><span class='ocrx_word' id='word_1_188' title='bbox 1272 3070 1282 3075; x_wconf 87' lang='lat'>-</span> <span class='ocrx_word' id='word_1_189' title='bbox 1358 3036 1739 3107; x_wconf 70' lang='lat' dir='ltr'><strong>Iomnuns</strong></span> <span class='ocrx_word' id='word_1_190' title='bbox 1808 3033 2355 3121; x_wconf 67' lang='lat' dir='ltr'><strong>Bmmnoms,</strong></span> <span class='ocrx_word' id='word_1_191' title='bbox 2421 3058 2670 3132; x_wconf 90' lang='lat' dir='ltr'><strong>quem,</strong></span> <span class='ocrx_word' id='word_1_192' title='bbox 2734 3041 3106 3133; x_wconf 85' lang='lat' dir='ltr'><strong>postquam</strong></span> <span class='ocrx_word' id='word_1_193' title='bbox 3172 3033 3452 3109; x_wconf 90' lang='lat' dir='ltr'><strong>biennio</strong></span> <span class='ocrx_word' id='word_1_194' title='bbox 3526 3058 3788 3109; x_wconf 89' lang='lat' dir='ltr'><strong>munus</strong></span> <span class='ocrx_word' id='word_1_195' title='bbox 3855 3058 4061 3109; x_wconf 88' lang='lat' dir='ltr'><strong>suum</strong></span> <span class='ocrx_word' id='word_1_196' title='bbox 4127 3034 4386 3133; x_wconf 87' lang='lat' dir='ltr'><strong>gessit,</strong></span> 
     </span>
     <span class='ocr_line' id='line_1_21' title="bbox 1363 3150 4380 3252; baseline 0 -27"><span class='ocrx_word' id='word_1_197' title='bbox 1363 3150 1795 3225; x_wconf 89' lang='lat' dir='ltr'><strong>curatoribus</strong></span> <span class='ocrx_word' id='word_1_198' title='bbox 1839 3150 2063 3227; x_wconf 85' lang='lat' dir='ltr'><strong>visum</strong></span> <span class='ocrx_word' id='word_1_199' title='bbox 2110 3159 2217 3227; x_wconf 88' lang='lat' dir='ltr'><strong>est</strong></span> <span class='ocrx_word' id='word_1_200' title='bbox 2268 3151 2558 3226; x_wconf 88' lang='lat' dir='ltr'><strong>liberare</strong></span> <span class='ocrx_word' id='word_1_201' title='bbox 2604 3151 3022 3251; x_wconf 71' lang='lat' dir='ltr'><strong>professione</strong></span> <span class='ocrx_word' id='word_1_202' title='bbox 3074 3153 3462 3227; x_wconf 89' lang='lat' dir='ltr'><strong>matheseos</strong></span> <span class='ocrx_word' id='word_1_203' title='bbox 3483 3210 3504 3240; x_wconf 94' lang='lat'><strong>,</strong></span> <span class='ocrx_word' id='word_1_204' title='bbox 3553 3151 3767 3252; x_wconf 92' lang='lat' dir='ltr'><strong>idque</strong></span> <span class='ocrx_word' id='word_1_205' title='bbox 3790 3212 3809 3241; x_wconf 96' lang='lat'><strong>,</strong></span> <span class='ocrx_word' id='word_1_206' title='bbox 3863 3158 4035 3227; x_wconf 85' lang='lat' dir='ltr'><strong>teste</strong></span> <span class='ocrx_word' id='word_1_207' title='bbox 4074 3152 4335 3251; x_wconf 84' lang='lat' dir='ltr'><strong>collega</strong></span> <span class='ocrx_word' id='word_1_208' title='bbox 4359 3210 4380 3239; x_wconf 96' lang='lat'><strong>,</strong></span> 
     </span>
     <span class='ocr_line' id='line_1_22' title="bbox 1364 3264 4373 3371; baseline 0.001 -29"><span class='ocrx_word' id='word_1_209' title='bbox 1364 3268 1487 3366; x_wconf 91' lang='lat' dir='ltr'><strong>qui</strong></span> <span class='ocrx_word' id='word_1_210' title='bbox 1551 3268 1618 3343; x_wconf 90' lang='lat' dir='ltr'><strong>ei</strong></span> <span class='ocrx_word' id='word_1_211' title='bbox 1680 3292 1888 3367; x_wconf 89' lang='lat' dir='ltr'><strong>paren</strong></span> <span class='ocrx_word' id='word_1_212' title='bbox 1896 3270 2062 3345; x_wconf 89' lang='lat' dir='ltr'><strong>tavit</strong></span> <span class='ocrx_word' id='word_1_213' title='bbox 2083 3328 2103 3358; x_wconf 94' lang='lat'><strong>,</strong></span> <span class='ocrx_word' id='word_1_214' title='bbox 2174 3277 2455 3370; x_wconf 88' lang='lat' dir='ltr'><strong>propter</strong></span> <span class='ocrx_word' id='word_1_215' title='bbox 2517 3272 2876 3369; x_wconf 88' lang='lat' dir='ltr'><strong>penuriam</strong></span> <span class='ocrx_word' id='word_1_216' title='bbox 2933 3296 3172 3347; x_wconf 89' lang='lat' dir='ltr'><strong>eorum</strong></span> <span class='ocrx_word' id='word_1_217' title='bbox 3193 3330 3214 3361; x_wconf 87' lang='lat'><strong>,</strong></span> <span class='ocrx_word' id='word_1_218' title='bbox 3284 3271 3407 3371; x_wconf 90' lang='lat' dir='ltr'><strong>qui</strong></span> <span class='ocrx_word' id='word_1_219' title='bbox 3463 3272 3761 3346; x_wconf 87' lang='lat' dir='ltr'><strong>mathesi</strong></span> <span class='ocrx_word' id='word_1_220' title='bbox 3797 3294 4064 3370; x_wconf 90' lang='lat' dir='ltr'><strong>operam</strong></span> <span class='ocrx_word' id='word_1_221' title='bbox 4105 3264 4373 3346; x_wconf 85' lang='lat' dir='ltr'><strong>darent.</strong></span> 
     </span>
     <span class='ocr_line' id='line_1_23' title="bbox 1363 3387 4376 3490; baseline 0.001 -30"><span class='ocrx_word' id='word_1_222' title='bbox 1363 3387 1633 3461; x_wconf 88' lang='lat' dir='ltr'><strong>Exinde</strong></span> <span class='ocrx_word' id='word_1_223' title='bbox 1692 3387 1761 3461; x_wconf 90' lang='lat' dir='ltr'><strong>in</strong></span> <span class='ocrx_word' id='word_1_224' title='bbox 1769 3388 2039 3463; x_wconf 85' lang='lat' dir='ltr'><strong>stitutio</strong></span> <span class='ocrx_word' id='word_1_225' title='bbox 2090 3390 2576 3465; x_wconf 87' lang='lat' dir='ltr'><strong>mathematica</strong></span> <span class='ocrx_word' id='word_1_226' title='bbox 2593 3450 2614 3481; x_wconf 92' lang='lat'><strong>,</strong></span> <span class='ocrx_word' id='word_1_227' title='bbox 2664 3416 2805 3490; x_wconf 90' lang='lat' dir='ltr'><strong>qua</strong></span> <span class='ocrx_word' id='word_1_228' title='bbox 2860 3398 3218 3489; x_wconf 90' lang='lat' dir='ltr'><strong>tamquam</strong></span> <span class='ocrx_word' id='word_1_229' title='bbox 3261 3416 3465 3467; x_wconf 89' lang='lat' dir='ltr'><strong>onere</strong></span> <span class='ocrx_word' id='word_1_230' title='bbox 3520 3391 3974 3466; x_wconf 84' lang='lat' dir='ltr'><strong>liberaverunt</strong></span> <span class='ocrx_word' id='word_1_231' title='bbox 4011 3391 4376 3465; x_wconf 57' lang='lat' dir='ltr'><strong>Bararus-</strong></span> 
     </span>
     <span class='ocr_line' id='line_1_24' title="bbox 1368 3508 4388 3609; baseline 0.001 -31"><span class='ocrx_word' id='word_1_232' title='bbox 1368 3530 1551 3581; x_wconf 78' lang='lat' dir='ltr'><strong>cnm</strong></span> <span class='ocrx_word' id='word_1_233' title='bbox 1574 3565 1593 3594; x_wconf 96' lang='lat'><strong>,</strong></span> <span class='ocrx_word' id='word_1_234' title='bbox 1650 3532 1946 3606; x_wconf 87' lang='lat' dir='ltr'><strong>prorsus</strong></span> <span class='ocrx_word' id='word_1_235' title='bbox 1994 3508 2242 3589; x_wconf 85' lang='lat' dir='ltr'><strong>defecit</strong></span> <span class='ocrx_word' id='word_1_236' title='bbox 2260 3541 2278 3596; x_wconf 92' lang='lat'>;</span> <span class='ocrx_word' id='word_1_237' title='bbox 2347 3508 2447 3583; x_wconf 90' lang='lat' dir='ltr'><strong>ita</strong></span> <span class='ocrx_word' id='word_1_238' title='bbox 2493 3518 2572 3585; x_wconf 93' lang='lat' dir='ltr'><strong>ut</strong></span> <span class='ocrx_word' id='word_1_239' title='bbox 2631 3534 2758 3585; x_wconf 89' lang='lat' dir='ltr'><strong>nec</strong></span> <span class='ocrx_word' id='word_1_240' title='bbox 2817 3509 3192 3609; x_wconf 88' lang='lat' dir='ltr'><strong>geometria</strong></span> <span class='ocrx_word' id='word_1_241' title='bbox 3237 3534 3465 3608; x_wconf 90' lang='lat' dir='ltr'><strong>neque</strong></span> <span class='ocrx_word' id='word_1_242' title='bbox 3512 3510 3928 3585; x_wconf 86' lang='lat' dir='ltr'><strong>astronomia</strong></span> <span class='ocrx_word' id='word_1_243' title='bbox 3971 3533 4202 3607; x_wconf 89' lang='lat' dir='ltr'><strong>neque</strong></span> <span class='ocrx_word' id='word_1_244' title='bbox 4245 3508 4388 3581; x_wconf 86' lang='lat' dir='ltr'><strong>ulla</strong></span> 
     </span>
     <span class='ocr_line' id='line_1_25' title="bbox 1365 3624 4382 3724; baseline 0.002 -27"><span class='ocrx_word' id='word_1_245' title='bbox 1365 3624 1726 3724; x_wconf 85' lang='lat' dir='ltr'><strong>disciplina</strong></span> <span class='ocrx_word' id='word_1_246' title='bbox 1793 3627 1928 3700; x_wconf 84' lang='lat' dir='ltr'><strong>alia</strong></span> <span class='ocrx_word' id='word_1_247' title='bbox 1985 3627 2471 3701; x_wconf 82' lang='lat' dir='ltr'><strong>mathematica</strong></span> <span class='ocrx_word' id='word_1_248' title='bbox 2529 3627 2645 3702; x_wconf 75' lang='lat' dir='ltr'><strong>hic</strong></span> <span class='ocrx_word' id='word_1_249' title='bbox 2711 3629 3069 3705; x_wconf 89' lang='lat' dir='ltr'><strong>doceretur</strong></span> <span class='ocrx_word' id='word_1_250' title='bbox 3086 3689 3105 3718; x_wconf 92' lang='lat'>‚</span> <span class='ocrx_word' id='word_1_251' title='bbox 3173 3630 3297 3704; x_wconf 85' lang='lat' dir='ltr'><strong>sed</strong></span> <span class='ocrx_word' id='word_1_252' title='bbox 3342 3630 3667 3705; x_wconf 88' lang='lat' dir='ltr'><strong>cathedra</strong></span> <span class='ocrx_word' id='word_1_253' title='bbox 3690 3689 3711 3719; x_wconf 94' lang='lat'><strong>,</strong></span> <span class='ocrx_word' id='word_1_254' title='bbox 3761 3631 3925 3705; x_wconf 91' lang='lat' dir='ltr'><strong>huic</strong></span> <span class='ocrx_word' id='word_1_255' title='bbox 3971 3629 4073 3704; x_wconf 91' lang='lat' dir='ltr'><strong>rei</strong></span> <span class='ocrx_word' id='word_1_256' title='bbox 4121 3629 4344 3704; x_wconf 88' lang='lat' dir='ltr'><strong>dicata</strong></span> <span class='ocrx_word' id='word_1_257' title='bbox 4363 3688 4382 3715; x_wconf 92' lang='lat'><strong>,</strong></span> 
     </span>
     <span class='ocr_line' id='line_1_26' title="bbox 1366 3741 4380 3845; baseline 0.002 -31"><span class='ocrx_word' id='word_1_258' title='bbox 1366 3765 1579 3815; x_wconf 87' lang='lat' dir='ltr'><strong>vacua</strong></span> <span class='ocrx_word' id='word_1_259' title='bbox 1637 3741 2179 3841; x_wconf 89' lang='lat' dir='ltr'><strong>relinqueretur;</strong></span> <span class='ocrx_word' id='word_1_260' title='bbox 2251 3743 2439 3842; x_wconf 92' lang='lat' dir='ltr'><strong>quod</strong></span> <span class='ocrx_word' id='word_1_261' title='bbox 2501 3744 2784 3842; x_wconf 91' lang='lat' dir='ltr'><strong>quidem</strong></span> <span class='ocrx_word' id='word_1_262' title='bbox 2833 3771 2956 3843; x_wconf 92' lang='lat' dir='ltr'><strong>per</strong></span> <span class='ocrx_word' id='word_1_263' title='bbox 2999 3746 3306 3845; x_wconf 91' lang='lat' dir='ltr'><strong>quinque</strong></span> <span class='ocrx_word' id='word_1_264' title='bbox 3350 3746 3568 3822; x_wconf 87' lang='lat' dir='ltr'><strong>lustra</strong></span> <span class='ocrx_word' id='word_1_265' title='bbox 3609 3754 3680 3822; x_wconf 87' lang='lat' dir='ltr'><strong>et</strong></span> <span class='ocrx_word' id='word_1_266' title='bbox 3727 3747 3909 3821; x_wconf 89' lang='lat' dir='ltr'><strong>ultra</strong></span> <span class='ocrx_word' id='word_1_267' title='bbox 3952 3746 4216 3823; x_wconf 88' lang='lat' dir='ltr'><strong>factum</strong></span> <span class='ocrx_word' id='word_1_268' title='bbox 4257 3755 4380 3820; x_wconf 89' lang='lat' dir='ltr'><strong>est.</strong></span> 
     </span>
     <span class='ocr_line' id='line_1_27' title="bbox 1368 3860 4377 3967; baseline 0.002 -34"><span class='ocrx_word' id='word_1_269' title='bbox 1368 3860 1557 3933; x_wconf 91' lang='lat' dir='ltr'><strong>Hinc</strong></span> <span class='ocrx_word' id='word_1_270' title='bbox 1593 3874 1775 3935; x_wconf 89' lang='lat' dir='ltr'><strong>certe</strong></span> <span class='ocrx_word' id='word_1_271' title='bbox 1810 3862 2253 3961; x_wconf 83' lang='lat' dir='ltr'><strong>intelligitur,</strong></span> <span class='ocrx_word' id='word_1_272' title='bbox 2284 3864 2456 3936; x_wconf 79' lang='lat' dir='ltr'><strong>&#39;num</strong></span> <span class='ocrx_word' id='word_1_273' title='bbox 2492 3861 2642 3936; x_wconf 88' lang='lat' dir='ltr'><strong>iure</strong></span> <span class='ocrx_word' id='word_1_274' title='bbox 2681 3888 2769 3937; x_wconf 89' lang='lat' dir='ltr'><strong>an</strong></span> <span class='ocrx_word' id='word_1_275' title='bbox 2802 3864 3052 3939; x_wconf 89' lang='lat' dir='ltr'><strong>iniuria</strong></span> <span class='ocrx_word' id='word_1_276' title='bbox 3075 3865 3366 3939; x_wconf 84' lang='lat' dir='ltr'><strong>dixerim</strong></span> <span class='ocrx_word' id='word_1_277' title='bbox 3383 3924 3404 3954; x_wconf 94' lang='lat'><strong>,</strong></span> <span class='ocrx_word' id='word_1_278' title='bbox 3441 3866 3836 3967; x_wconf 86' lang='lat' dir='ltr'><strong>disciplinas</strong></span> <span class='ocrx_word' id='word_1_279' title='bbox 3860 3864 4377 3941; x_wconf 87' lang='lat' dir='ltr'><strong>mathematicas</strong></span> 
     </span>
     <span class='ocr_line' id='line_1_28' title="bbox 1368 3978 4377 4084; baseline 0.002 -32"><span class='ocrx_word' id='word_1_280' title='bbox 1368 3978 1485 4053; x_wconf 79' lang='lat' dir='ltr'><strong>hic</strong></span> <span class='ocrx_word' id='word_1_281' title='bbox 1523 4003 1662 4052; x_wconf 91' lang='lat' dir='ltr'><strong>non</strong></span> <span class='ocrx_word' id='word_1_282' title='bbox 1697 4003 1967 4079; x_wconf 88' lang='lat' dir='ltr'><strong>semper</strong></span> <span class='ocrx_word' id='word_1_283' title='bbox 2008 3982 2319 4055; x_wconf 86' lang='lat' dir='ltr'><strong>floruisse</strong></span> <span class='ocrx_word' id='word_1_284' title='bbox 2342 4040 2363 4070; x_wconf 93' lang='lat'><strong>,</strong></span> <span class='ocrx_word' id='word_1_285' title='bbox 2412 3981 2538 4056; x_wconf 89' lang='lat' dir='ltr'><strong>sed</strong></span> <span class='ocrx_word' id='word_1_286' title='bbox 2581 3991 2816 4057; x_wconf 90' lang='lat' dir='ltr'><strong>contra</strong></span> <span class='ocrx_word' id='word_1_287' title='bbox 2861 3983 2988 4057; x_wconf 90' lang='lat' dir='ltr'><strong>diu</strong></span> <span class='ocrx_word' id='word_1_288' title='bbox 3025 3982 3238 4057; x_wconf 85' lang='lat' dir='ltr'><strong>fuisse</strong></span> <span class='ocrx_word' id='word_1_289' title='bbox 3275 3985 3624 4084; x_wconf 85' lang='lat' dir='ltr'><strong>neglectas</strong></span> <span class='ocrx_word' id='word_1_290' title='bbox 3651 3993 3723 4059; x_wconf 87' lang='lat' dir='ltr'><strong>et</strong></span> <span class='ocrx_word' id='word_1_291' title='bbox 3753 3984 4054 4059; x_wconf 89' lang='lat' dir='ltr'><strong>tenebris</strong></span> <span class='ocrx_word' id='word_1_292' title='bbox 4077 3985 4377 4060; x_wconf 71' lang='lat' dir='ltr'><strong>obrutas..</strong></span> 
     </span>
    </p>

    <p class='ocr_par' dir='ltr' id='par_1_5' title="bbox 1364 4100 4387 4679">
     <span class='ocr_line' id='line_1_29' title="bbox 1470 4100 4387 4202; baseline 0 -26"><span class='ocrx_word' id='word_1_293' title='bbox 1470 4100 1671 4176; x_wconf 86' lang='lat' dir='ltr'><strong>Quae</strong></span> <span class='ocrx_word' id='word_1_294' title='bbox 1740 4124 1987 4175; x_wconf 87' lang='lat' dir='ltr'><strong>causae</strong></span> <span class='ocrx_word' id='word_1_295' title='bbox 2056 4101 2357 4188; x_wconf 86' lang='lat' dir='ltr'><strong>fuerint,</strong></span> <span class='ocrx_word' id='word_1_296' title='bbox 2425 4126 2550 4176; x_wconf 92' lang='lat' dir='ltr'><strong>cur</strong></span> <span class='ocrx_word' id='word_1_297' title='bbox 2613 4102 2688 4176; x_wconf 90' lang='lat' dir='ltr'><strong>in</strong></span> <span class='ocrx_word' id='word_1_298' title='bbox 2754 4104 2882 4178; x_wconf 90' lang='lat' dir='ltr'><strong>hac</strong></span> <span class='ocrx_word' id='word_1_299' title='bbox 2943 4103 3295 4179; x_wconf 84' lang='lat' dir='ltr'><strong>academia</strong></span> <span class='ocrx_word' id='word_1_300' title='bbox 3350 4103 3584 4202; x_wconf 84' lang='lat' dir='ltr'><strong>plures</strong></span> <span class='ocrx_word' id='word_1_301' title='bbox 3645 4129 3862 4179; x_wconf 88' lang='lat' dir='ltr'><strong>annos</strong></span> <span class='ocrx_word' id='word_1_302' title='bbox 3928 4104 4387 4179; x_wconf 83' lang='lat' dir='ltr'><strong>abstineretur</strong></span> 
     </span>
     <span class='ocr_line' id='line_1_30' title="bbox 1372 4218 4386 4318; baseline 0.002 -27"><span class='ocrx_word' id='word_1_303' title='bbox 1372 4241 1411 4291; x_wconf 88' lang='lat' dir='ltr'><strong>a</strong></span> <span class='ocrx_word' id='word_1_304' title='bbox 1481 4224 1677 4317; x_wconf 89' lang='lat' dir='ltr'><strong>parte</strong></span> <span class='ocrx_word' id='word_1_305' title='bbox 1745 4218 2051 4318; x_wconf 89' lang='lat' dir='ltr'><strong>principe</strong></span> <span class='ocrx_word' id='word_1_306' title='bbox 2122 4219 2578 4295; x_wconf 88' lang='lat' dir='ltr'><strong>institutionis</strong></span> <span class='ocrx_word' id='word_1_307' title='bbox 2642 4230 2995 4297; x_wconf 83' lang='lat' dir='ltr'><strong>accuratae</strong></span> <span class='ocrx_word' id='word_1_308' title='bbox 3019 4282 3038 4311; x_wconf 96' lang='lat'><strong>,</strong></span> <span class='ocrx_word' id='word_1_309' title='bbox 3111 4248 3250 4297; x_wconf 92' lang='lat' dir='ltr'><strong>non</strong></span> <span class='ocrx_word' id='word_1_310' title='bbox 3311 4222 3487 4297; x_wconf 91' lang='lat' dir='ltr'><strong>mihi</strong></span> <span class='ocrx_word' id='word_1_311' title='bbox 3556 4224 3884 4299; x_wconf 88' lang='lat' dir='ltr'><strong>constitit.</strong></span> <span class='ocrx_word' id='word_1_312' title='bbox 3997 4221 4386 4297; x_wconf 89' lang='lat' dir='ltr'><strong>Dissidium</strong></span> 
     </span>
     <span class='ocr_line' id='line_1_31' title="bbox 1364 4336 4386 4441; baseline 0.002 -32"><span class='ocrx_word' id='word_1_313' title='bbox 1364 4337 1546 4412; x_wconf 89' lang='lat' dir='ltr'><strong>inter</strong></span> <span class='ocrx_word' id='word_1_314' title='bbox 1611 4336 1877 4413; x_wconf 90' lang='lat' dir='ltr'><strong>Urbem</strong></span> <span class='ocrx_word' id='word_1_315' title='bbox 1946 4345 2017 4412; x_wconf 90' lang='lat' dir='ltr'><strong>et</strong></span> <span class='ocrx_word' id='word_1_316' title='bbox 2079 4337 2521 4413; x_wconf 89' lang='lat' dir='ltr'><strong>Omlandiam</strong></span> <span class='ocrx_word' id='word_1_317' title='bbox 2584 4340 2858 4439; x_wconf 83' lang='lat' dir='ltr'><strong>saepius</strong></span> <span class='ocrx_word' id='word_1_318' title='bbox 2923 4340 3252 4415; x_wconf 80' lang='lat' dir='ltr'><strong>labefecit·</strong></span> <span class='ocrx_word' id='word_1_319' title='bbox 3281 4341 3702 4417; x_wconf 88' lang='lat' dir='ltr'><strong>academiam</strong></span> <span class='ocrx_word' id='word_1_320' title='bbox 3722 4401 3744 4431; x_wconf 87' lang='lat'><strong>,</strong></span> <span class='ocrx_word' id='word_1_321' title='bbox 3792 4342 3962 4441; x_wconf 88' lang='lat' dir='ltr'><strong>quin</strong></span> <span class='ocrx_word' id='word_1_322' title='bbox 4015 4341 4386 4440; x_wconf 83' lang='lat' dir='ltr'><strong>aliquando</strong></span> 
     </span>
     <span class='ocr_line' id='line_1_32' title="bbox 1368 4456 4386 4554; baseline 0.002 -27"><span class='ocrx_word' id='word_1_323' title='bbox 1368 4456 1506 4530; x_wconf 87' lang='lat' dir='ltr'><strong>sere</strong></span> <span class='ocrx_word' id='word_1_324' title='bbox 1570 4480 1847 4554; x_wconf 87' lang='lat' dir='ltr'><strong>prorsus</strong></span> <span class='ocrx_word' id='word_1_325' title='bbox 1908 4482 2060 4530; x_wconf 91' lang='lat' dir='ltr'><strong>eam</strong></span> <span class='ocrx_word' id='word_1_326' title='bbox 2121 4457 2385 4531; x_wconf 89' lang='lat' dir='ltr'><strong>evertit.</strong></span> <span class='ocrx_word' id='word_1_327' title='bbox 2505 4458 2656 4533; x_wconf 87' lang='lat' dir='ltr'><strong>Nec</strong></span> <span class='ocrx_word' id='word_1_328' title='bbox 2710 4466 2944 4539; x_wconf 87' lang='lat' dir='ltr'><strong>tamen</strong></span> <span class='ocrx_word' id='word_1_329' title='bbox 2988 4460 3225 4548; x_wconf 91' lang='lat' dir='ltr'><strong>cred0,</strong></span> <span class='ocrx_word' id='word_1_330' title='bbox 3297 4460 3476 4535; x_wconf 91' lang='lat' dir='ltr'><strong>hanc</strong></span> <span class='ocrx_word' id='word_1_331' title='bbox 3525 4462 3802 4537; x_wconf 88' lang='lat' dir='ltr'><strong>unicam</strong></span> <span class='ocrx_word' id='word_1_332' title='bbox 3846 4461 4061 4537; x_wconf 85' lang='lat' dir='ltr'><strong>fuisse</strong></span> <span class='ocrx_word' id='word_1_333' title='bbox 4107 4484 4386 4536; x_wconf 89' lang='lat' dir='ltr'><strong>causam</strong></span> 
     </span>
     <span class='ocr_line' id='line_1_33' title="bbox 1372 4573 3714 4679; baseline 0.006 -36"><span class='ocrx_word' id='word_1_334' title='bbox 1372 4573 1710 4648; x_wconf 82' lang='lat' dir='ltr'><strong>infaustae</strong></span> <span class='ocrx_word' id='word_1_335' title='bbox 1758 4575 1947 4673; x_wconf 87' lang='lat' dir='ltr'><strong>apud</strong></span> <span class='ocrx_word' id='word_1_336' title='bbox 1992 4600 2120 4650; x_wconf 91' lang='lat' dir='ltr'><strong>nos</strong></span> <span class='ocrx_word' id='word_1_337' title='bbox 2167 4575 2579 4651; x_wconf 84' lang='lat' dir='ltr'><strong>conditionis</strong></span> <span class='ocrx_word' id='word_1_338' title='bbox 2625 4578 3012 4656; x_wconf 90' lang='lat' dir='ltr'><strong>matheseos</strong></span> <span class='ocrx_word' id='word_1_339' title='bbox 3031 4636 3052 4665; x_wconf 91' lang='lat'>‚</span> <span class='ocrx_word' id='word_1_340' title='bbox 3102 4603 3314 4676; x_wconf 89' lang='lat' dir='ltr'><strong>quam</strong></span> <span class='ocrx_word' id='word_1_341' title='bbox 3364 4580 3714 4679; x_wconf 88' lang='lat' dir='ltr'><strong>descripsi.</strong></span> 
     </span>
    </p>

    <p class='ocr_par' dir='ltr' id='par_1_6' title="bbox 1374 4684 4392 4915">
     <span class='ocr_line' id='line_1_34' title="bbox 1471 4684 4392 4798; baseline 0.001 -35"><span class='ocrx_word' id='word_1_342' title='bbox 1471 4690 1633 4764; x_wconf 92' lang='lat' dir='ltr'><strong>Hoc</strong></span> <span class='ocrx_word' id='word_1_343' title='bbox 1688 4717 1847 4766; x_wconf 89' lang='lat' dir='ltr'><strong>vero</strong></span> <span class='ocrx_word' id='word_1_344' title='bbox 1905 4701 2063 4768; x_wconf 82' lang='lat' dir='ltr'><strong>utut</strong></span> <span class='ocrx_word' id='word_1_345' title='bbox 2120 4703 2267 4783; x_wconf 87' lang='lat' dir='ltr'><strong>est,</strong></span> <span class='ocrx_word' id='word_1_346' title='bbox 2332 4694 2674 4793; x_wconf 88' lang='lat' dir='ltr'><strong>sapienter</strong></span> <span class='ocrx_word' id='word_1_347' title='bbox 2723 4704 2794 4770; x_wconf 87' lang='lat' dir='ltr'><strong>et</strong></span> <span class='ocrx_word' id='word_1_348' title='bbox 2831 4697 3111 4771; x_wconf 88' lang='lat' dir='ltr'><strong>omnino</strong></span> <span class='ocrx_word' id='word_1_349' title='bbox 3161 4722 3248 4773; x_wconf 84' lang='lat' dir='ltr'><strong>ex</strong></span> <span class='ocrx_word' id='word_1_350' title='bbox 3293 4707 3526 4773; x_wconf 92' lang='lat' dir='ltr'><strong>mente</strong></span> <span class='ocrx_word' id='word_1_351' title='bbox 3571 4724 3844 4787; x_wconf 89' lang='lat' dir='ltr'><strong>eorum,</strong></span> <span class='ocrx_word' id='word_1_352' title='bbox 3895 4699 4032 4798; x_wconf 82' lang='lat' dir='ltr'><strong>qui-</strong></span> <span class='ocrx_word' id='word_1_353' title='bbox 4065 4684 4392 4773; x_wconf 55' lang='lat' dir='ltr'><strong>condidess.</strong></span> 
     </span>
     <span class='ocr_line' id='line_1_35' title="bbox 1374 4796 4388 4915; baseline 0.002 -32"><span class='ocrx_word' id='word_1_354' title='bbox 1374 4818 1529 4885; x_wconf 85' lang='lat' dir='ltr'><strong>rant</strong></span> <span class='ocrx_word' id='word_1_355' title='bbox 1588 4810 2005 4885; x_wconf 87' lang='lat' dir='ltr'><strong>academiam</strong></span> <span class='ocrx_word' id='word_1_356' title='bbox 2032 4870 2052 4900; x_wconf 91' lang='lat'><strong>,</strong></span> <span class='ocrx_word' id='word_1_357' title='bbox 2111 4820 2403 4911; x_wconf 87' lang='lat' dir='ltr'><strong>egerunt</strong></span> <span class='ocrx_word' id='word_1_358' title='bbox 2436 4814 2538 4890; x_wconf 93' lang='lat' dir='ltr'><strong>illi</strong></span> <span class='ocrx_word' id='word_1_359' title='bbox 2578 4816 2744 4905; x_wconf 85' lang='lat' dir='ltr'><strong>viri,</strong></span> <span class='ocrx_word' id='word_1_360' title='bbox 2795 4816 2918 4914; x_wconf 75' lang='lat' dir='ltr'><strong>qui</strong></span> <span class='ocrx_word' id='word_1_361' title='bbox 2959 4816 3238 4891; x_wconf 90' lang='lat' dir='ltr'><strong>tandem</strong></span> <span class='ocrx_word' id='word_1_362' title='bbox 3285 4842 3558 4915; x_wconf 87' lang='lat' dir='ltr'><strong>operam</strong></span> <span class='ocrx_word' id='word_1_363' title='bbox 3604 4818 3980 4906; x_wconf 83' lang='lat' dir='ltr'><strong>dederunt,</strong></span> <span class='ocrx_word' id='word_1_364' title='bbox 4029 4796 4388 4891; x_wconf 72' lang='lat' dir='ltr'><strong>utvitium</strong></span> 
     </span>
    </p>
   </div>
   <div class='ocr_carea' id='block_1_3' title="bbox 4947 790 4955 3459">
    <p class='ocr_par' dir='ltr' id='par_1_7' title="bbox 4947 790 4955 3459">
     <span class='ocr_line' id='line_1_36' title="bbox 4947 790 4955 3459; baseline 0 0"><span class='ocrx_word' id='word_1_365' title='bbox 4947 790 4955 3459; x_wconf 95' lang='lat' dir='ltr'><strong> </strong></span> 
     </span>
    </p>
   </div>
   <div class='ocr_carea' id='block_1_4' title="bbox 4948 4024 4952 5075">
    <p class='ocr_par' dir='ltr' id='par_1_8' title="bbox 4948 4024 4952 5075">
     <span class='ocr_line' id='line_1_37' title="bbox 4948 4024 4952 5075; baseline 0 0"><span class='ocrx_word' id='word_1_366' title='bbox 4948 4024 4952 5075; x_wconf 95' lang='lat' dir='ltr'><strong> </strong></span> 
     </span>
    </p>
   </div>
   <div class='ocr_carea' id='block_1_5' title="bbox 4948 4024 4952 5267">
    <p class='ocr_par' dir='ltr' id='par_1_9' title="bbox 4948 4024 4952 5267">
     <span class='ocr_line' id='line_1_38' title="bbox 4948 4024 4952 5267; baseline 0 0"><span class='ocrx_word' id='word_1_367' title='bbox 4948 4024 4952 5267; x_wconf 95' lang='lat' dir='ltr'><strong> </strong></span> 
     </span>
    </p>
   </div>
  </div>
 </body>
</html>
