4967 6217
1883 720 2436 791 ORATIO.
3518 722 3645 789 221

625 926 1131 1002 institutionem
1227 928 1526 1003 filiorum
1616 950 1900 1002 suorum
1967 930 2435 1017 commiserat,
2506 929 2701 1004 iubet
2768 952 2893 1026 pro
2964 927 3163 1002 Livio
3230 928 3505 1003 Iovium
3572 936 3647 1003 et

621 1046 945 1121 Natalem
964 1103 987 1133 ,
1052 1070 1178 1145 pro
1253 1047 1554 1121 Salustio
1621 1046 2020 1121 Sadoletum
2080 1056 2150 1122 et
2224 1047 2575 1121 Bembum
2599 1104 2621 1135 ,
2690 1070 2816 1144 pro
2885 1046 3213 1121 Cicerone
3280 1047 3607 1120 Orosium
3626 1105 3647 1135 ,

625 1188 752 1261 pro
815 1166 968 1239 aevi
1008 1166 1319 1264 Augusti
1371 1165 1592 1265 poetis
1642 1165 2104 1241 Prudentium
2118 1224 2140 1254 ,
2187 1166 2464 1241 Vietam
2478 1225 2500 1254 ,
2550 1166 3041 1241 Sannazarium
3083 1164 3169 1238 iis
3220 1165 3608 1264 praelegere
3627 1223 3648 1252 ,

625 1307 715 1357 ne
784 1283 1042 1357 scilicet
1108 1283 1774 1359 adolescentulorum
1830 1283 2114 1383 ingenia
2177 1272 2456 1382 ineptiis
2501 1284 2895 1383 loquacium
2940 1307 3369 1382 paganorum
3407 1281 3649 1381 imple-

623 1410 863 1476 rentur
915 1404 1038 1494 1θ’).
1136 1404 1330 1477 Num
1387 1402 1490 1477 illi
1551 1401 1892 1500 principes
1949 1401 2039 1475 ad
2103 1426 2254 1476 eam
2297 1426 2613 1476 normam
2662 1402 2966 1477 instituti
3010 1401 3149 1475 sint
3190 1407 3651 1475 memoratum

623 1543 762 1594 non
807 1520 1038 1595 inveni
1053 1554 1072 1609 ;
1125 1502 1251 1595 sed
1296 1521 1357 1595 si
1391 1520 1712 1608 suerunt,
1764 1544 2108 1595 summam
2151 1520 2416 1619 ingenii
2455 1519 2841 1596 bonitatem
2880 1521 2993 1595 vix
3032 1521 3303 1596 obstare
3344 1520 3651 1619 potuisse

622 1638 1028 1713 crediderim
1050 1697 1069 1727 ,
1119 1639 1491 1738 quominus
1533 1646 1678 1714 tam
1729 1638 1944 1713 stulta
1989 1638 2351 1737 disciplina
2397 1639 2663 1713 fructus
2710 1638 2919 1712 ferret
2967 1638 3417 1714 tristissimos,
3516 1637 3654 1712 Ve-

621 1781 778 1831 rum
848 1758 984 1831 illis
1053 1758 1486 1858 temporibus
1554 1758 1970 1833 concedatur
2029 1758 2188 1833 talis
2260 1758 2701 1858 superstitio;
2775 1758 2980 1832 hodie
3054 1764 3291 1833 autem
3365 1756 3657 1831 inveniri

622 1876 938 1951 homines
951 1934 972 1964 ‚
1021 1877 1144 1974 qui
1195 1877 1254 1949 si
1299 1883 1583 1975 possent
1624 1876 1862 1952 lumen
1910 1878 2264 1953 literarum
2304 1878 2745 1978 exstinguere
2802 1878 3089 1966 vellent,
3138 1878 3266 1951 hoc
3316 1901 3475 1951 vero
3512 1902 3655 1951 non

624 2003 730 2067 est
786 1993 1170 2069 ferendum.
1219 2004 1226 2017 '
1274 1995 1471 2072 Quid
1529 2021 1693 2095 ergo
1755 1997 1829 2072 hi
1895 1998 2146 2071 timent
2163 2000 2198 2071 P
2247 2024 2336 2073 ne
2390 1999 2565 2072 forte
2618 2006 2929 2072 veterum
2979 1996 3241 2093 mythis
3290 1996 3390 2069 ita
3433 1996 3659 2093 capia-

623 2138 820 2201 mur,
909 2122 990 2187 ut
1065 2115 1302 2188 Iovem
1375 2139 1534 2189 cum
1617 2116 1896 2215 agmine
1964 2119 2272 2191 Deorum
2345 2119 2794 2213 Dearumque
2863 2117 2938 2189 in
3008 2115 3309 2213 Olympo
3376 2138 3661 2213 regnare

622 2235 998 2332 putemus?
1071 2234 1310 2307 Fuerit
1343 2234 1458 2309 ille
1499 2245 1730 2333 metus
1769 2236 2010 2333 primis
2047 2234 2336 2308 saeculis
2375 2258 2515 2307 non
2552 2257 2769 2307 vanus
2784 2292 2804 2320 ,
2846 2257 3067 2331 quum
3111 2230 3663 2306 Christianorum

626 2375 822 2425 sacra
883 2351 1066 2425 inter
1121 2378 1272 2425 aras
1299 2353 1758 2451 -delubraque
1804 2353 2134 2425 falsorum
2155 2352 2545 2425 'numinum
2597 2360 3029 2427 versarentur
3073 2358 3145 2424 et
3194 2351 3317 2423 lux
3359 2350 3664 2424 veritatis

633 2470 948 2568 undique
994 2470 1299 2544 tenebris
1343 2471 1820 2545 offunderetur
1835 2527 1854 2556 ,
1903 2492 2091 2543 nunc
2136 2469 2440 2567 profecto
2485 2470 2713 2545 inanis
2758 2478 2829 2546 et
2874 2470 3165 2544 stolidus
3208 2476 3333 2543 est.
3434 2471 3663 2543 Immo

625 2587 929 2686 plurima
993 2588 1432 2685 reperiuntur
1513 2589 1587 2662 in
1666 2595 1976 2662 veterum
2061 2587 2330 2685 scriptis
2351 2646 2371 2675 ‚
2450 2613 2629 2687 quae
2693 2614 2854 2664 cum
2926 2596 3164 2664 nostra
3231 2587 3369 2661 fide
3446 2588 3664 2662 amice

625 2705 1063 2803 conspirant,
1134 2712 1206 2779 et
1267 2714 1349 2779 ut
1401 2709 1818 2782 Graecorum
1874 2706 2436 2804 philosophorum
2481 2708 2734 2806 placita
2773 2708 3041 2782 cultum
3079 2709 3393 2781 Deorum
3441 2731 3660 2805 popu-

625 2826 842 2899 larem
894 2824 1395 2919 labefactarunt
1412 2885 1432 2914 ‚
1497 2827 1596 2901 ita
1649 2827 1834 2900 viam
1893 2834 2280 2901 straverunt
2321 2808 2618 2924 purioris
2662 2826 2891 2900 cultus
2945 2824 3440 2900 defensoribus,
3542 2826 3661 2897 In·

623 2944 904 3018 finitum
981 2952 1087 3017 est
1149 2946 1384 3019 omnia
1439 2972 1828 3034 recensere3
1901 2946 2024 3021 sed
2088 2945 2246 3043 quis
2303 2945 2579 3043 ignor-at
2644 2946 2827 3019 locos
2889 2944 2977 3018 de
3036 2943 3295 3018 summi
3351 2942 3663 3052 numinis

629 3061 965 3161 sapientia
1005 3070 1077 3135 et
1111 3062 1411 3150 iustitia,
1464 3064 1550 3137 de
1593 3063 1858 3160 origine
1897 3062 2199 3135 hominis
2239 3062 2472 3135 divina
2492 3118 2513 3149 ‚
2563 3062 2651 3135 de
2688 3062 3201 3136 immortalitate
3236 3063 3623 3136 animorum
3644 3122 3665 3149 ‚

629 3180 716 3253 de
788 3181 1054 3254 diversa
1128 3186 1308 3253 sorte
1371 3180 1686 3255 manium
1756 3178 1946 3278 apud
2005 3178 2259 3253 inferos
2317 3204 2358 3253 a
2413 3178 2655 3253 multis
2709 3178 2921 3253 fuisse
2972 3181 3245 3279 egregie
3298 3188 3624 3255 tractatos
3644 3238 3663 3267 ‚

628 3307 699 3374 et
764 3300 851 3373 de
919 3299 1294 3372 virtutibus
1361 3298 1684 3397 vitiisque
1704 3358 1724 3386 ,
1796 3299 1884 3372 de
1935 3298 2582 3398 perturbationibus
2625 3298 2873 3386 animi,
2924 3299 3011 3372 de
3062 3298 3299 3373 officiis
3342 3298 3667 3397 antiquos

629 3418 932 3517 graviter
973 3424 1044 3489 et
1080 3417 1350 3514 copiose
1389 3417 1850 3515 explicuisse?
1926 3417 2402 3495 Quamobrem
2442 3417 2757 3491 dicamus
2791 3417 3023 3514 potius
3050 3442 3227 3491 -eum
3263 3418 3665 3517 Augustino

627 3538 756 3608 illa
821 3560 950 3607 non
1023 3560 1166 3609 esse
1216 3537 1668 3629 formidanda
1683 3592 1704 3621 ,
1773 3536 1900 3607 sed
1962 3536 2048 3607 ab
2113 3536 2414 3633 antiquis
2463 3538 2963 3631 possessoribus
3014 3539 3089 3609 in
3139 3562 3323 3609 usum
3370 3546 3665 3611 nostrum

630 3654 1038 3727 vindicanda
1056 3710 1076 3741 ‚
1127 3660 1198 3726 et
1236 3652 1598 3727 credamus
1638 3636 1894 3727 Basilio
1935 3653 2201 3751 Magno
2221 3711 2241 3741 ,
2290 3653 2414 3750 qui
2452 3652 2711 3727 veritus
2748 3680 2838 3727 ne
2878 3679 2965 3729 ex
3006 3655 3249 3729 timida
3286 3656 3665 3729 multorum

631 3772 890 3870 pietate
945 3752 1228 3845 ecclesia
1273 3770 1669 3855 detrimenti
1715 3770 1888 3868 quid
1942 3779 2250 3869 caperet,
2311 3772 2571 3846 librum
2615 3772 2885 3870 scripsit
2934 3773 3024 3847 ad
3066 3775 3531 3848 adolescentes
3572 3774 3661 3847 de

635 3891 933 3964 utilitate
989 3916 1028 3963 e
1090 3889 1370 3965 Graecis
1427 3890 1874 3989 scriptoribus
1917 3890 2269 3988 capienda.
2368 3890 2621 3965 Nonne
2672 3892 2773 3964 illi
2813 3892 2985 3989 ipsi,
3036 3894 3160 3991 qui
3203 3894 3412 3967 fidem
3462 3892 3661 3966 Chri·

641 4008 936 4083 stianam
999 4008 1370 4082 fortissime
1438 4016 1966 4107 propugnarunt
1987 4066 2007 4095 ‚
2075 4034 2162 4081 ex
2231 4008 2665 4106 antiquitatis
2722 4007 2992 4083 officina
3038 4036 3230 4084 arma
3284 4036 3487 4110 saepe
3536 4034 3664 4084 sua

633 4128 1024 4225 petiverunt
1089 4136 1161 4201 et
1225 4127 1668 4225 antiquorum
1735 4130 1986 4227 scripta
2056 4128 2131 4201 in
2168 4152 2446 4209 ,sucum
2526 4146 2597 4203 et
2666 4130 3073 4229 sanguinem
3140 4130 3663 4204 converterant?

636 4246 923 4320 Vestrae
981 4246 1094 4319 hic
1151 4247 1407 4321 iterum
1465 4248 1804 4346 imagines
1855 4247 2030 4321 mihi
2077 4256 2482 4338 occurrunt,
2533 4250 2819 4323 Erasme
2872 4258 2943 4321 et
2994 4248 3225 4333 Groti,
3274 4256 3346 4320 te
3396 4248 3659 4347 cogito,

635 4364 952 4463 Philippe
1010 4364 1454 4439 Melanchton
1479 4424 1498 4453 ,
1564 4389 1775 4463 quem
1835 4363 2205 4438 Germania
2250 4364 2598 4440 doctorem
2637 4390 2843 4439 suum
2887 4364 3178 4451 salutat,
3228 4371 3447 4462 tuque
3487 4365 3662 4439 mihi

638 4484 729 4557 ob
795 4483 1029 4569 oculos
1089 4486 1376 4559 versaris
1397 4544 1416 4573 ,
1487 4486 1787 4559 Gellerte
1805 4542 1825 4571 ‚
1897 4483 2021 4581 qui
2075 4483 2216 4556 vita
2267 4491 2338 4557 et
2384 4484 2653 4583 scriptis
2701 4482 3077 4581 probavisti
3127 4506 3471 4557 summam
3518 4484 3661 4581 pie-

639 4588 854 4677 tatem
890 4610 959 4677 et
998 4628 1226 4678 veram
1263 4605 1665 4703 religionem
1701 4627 1865 4677 cum
1897 4602 2174 4700 egregia
2207 4603 2641 4700 antiquitatis
2676 4601 3066 4700 cognitione
3096 4626 3297 4700 posse
3336 4603 3659 4701 copulari.

638 4722 892 4820 Itaque
955 4722 1272 4797 desinant
1323 4724 1636 4797 homines
1685 4722 1862 4795 male
1909 4720 2130 4794 seduli
2168 4716 2483 4819 religioni
2537 4719 2902 4809 insultare,
2952 4722 3153 4819 quasi
3202 4729 3345 4797 tam
3391 4722 3668 4797 infirma

641 4841 770 4932 sit,
837 4848 919 4917 ut
963 4842 1434 4942 philosophiae
1486 4851 1556 4916 et
1605 4842 1974 4919 literarum·
2007 4840 2230 4914 lucem
2279 4839 2713 4929 reformidet,
2762 4866 2933 4917 neve
2972 4841 3333 4918 imitentur
3375 4842 3665 4940 impera-
