4967 6217
1799 727 2351 824 onarlo.
3469 729 3594 799 105

566 934 724 1010 Hoc
756 933 943 1008 enim
979 959 1191 1010 unam
1230 935 1561 1035 spectavit
1601 936 2079 1038 geometriam,
2124 961 2336 1035 quam
2378 957 2795 1034 magnopere
2841 933 3075 1023 auxit;
3124 934 3302 1010 illud
3343 959 3582 1010 omnes

486 1135 495 1142 ‚
568 1053 952 1127 matheseos
1008 1059 1238 1153 partes
1297 1053 1554 1128 mirum
1616 1056 1690 1128 in
1747 1055 2037 1130 modum
2092 1055 2191 1129 ita
2240 1054 2550 1152 provexit
2597 1062 2667 1127 et
2709 1054 3182 1152 amplificavit,
3249 1062 3365 1142 ut,
3427 1078 3590 1130 cum

566 1173 1141 1247 incrementorum
1182 1173 1459 1247 illorum
1490 1181 1693 1248 antea
1744 1197 1835 1247 ne
1877 1175 1985 1247 vel
2024 1173 2369 1247 levissima
2405 1173 2690 1270 quidem
2731 1171 3030 1271 suspicio
3073 1180 3254 1246 esset
3272 1230 3291 1260 ,
3339 1192 3588 1248 novam

566 1289 997 1388 disciplinam
1026 1298 1329 1389 pareret,
1369 1315 1545 1388 quae
1580 1291 1880 1366 maxime
1911 1291 2104 1378 facit,
2138 1297 2218 1364 ut
2252 1315 2496 1365 causae
2515 1290 3144 1388 phaenomenorum
3165 1291 3584 1366 naturalium

565 1416 883 1483 accurato
928 1416 1013 1512 et·
1044 1416 1231 1482 certo
1277 1408 1538 1483 calculo
1586 1393 1925 1482 submitti
1953 1415 2231 1507 queant.
3548 1506 3555 1513 .

661 1527 1090 1601 anm‘rms
1146 1526 1486 1601 calculum
1548 1550 1757 1601 suum
1817 1527 2341 1603 differentialem
2405 1527 2710 1628 primum
2772 1527 3060 1602 tradidit
3103 1529 3589 1626 scriptiuncula

563 1645 988 1744 pagellarum
1023 1669 1519 1745 perpaucarum
1536 1703 1558 1734 ,
1607 1645 1917 1744 quinque
1968 1672 2171 1722 sexve
2192 1708 2211 1736 ‚
2262 1673 2441 1746 quae
2479 1648 2639 1745 plus
2683 1646 2900 1721 valuit
2942 1647 3034 1720 ad
3084 1648 3584 1722 aestimandam

414 1863 421 1873 ·
562 1763 873 1838 methodi
938 1764 1326 1840 ubertatem
1345 1822 1366 1853 ,
1437 1789 1649 1863 quam
1717 1774 1797 1840 ut
1862 1765 2014 1865 ipsa
2068 1767 2247 1842 clare
2295 1775 2367 1840 et
2407 1767 2763 1865 perspicue
2804 1765 3178 1862 unicuique
3219 1767 3310 1839 ob
3349 1765 3586 1841 oculos

560 1890 948 1981 poneretur.
1028 1883 1175 1958 Iste
1215 1883 1525 1972 libellus,
1564 1885 1721 1983 qui,
1764 1886 1869 1960 uti
1902 1895 2143 1986 postea
2178 1887 2526 1984 apparuit,
2562 1886 2779 1958 instar
2811 1885 3143 1984 sphyngis
3181 1884 3588 1984 aenigmatis

560 2009 706 2075 erat
736 2001 877 2076 fere
912 2001 1238 2075 omnibus
1268 2003 1454 2076 illius
1473 2004 1634 2077 'aevi
1660 2005 2199 2091 mathematicis,
2230 2004 2405 2079 forte
2436 2004 2722 2078 fortuito
2755 2003 3000 2077 incidit
3032 2004 3108 2077 in
3141 2028 3390 2077 manus
3418 2003 3588 2078 duo-

450 2137 457 2146 ·
560 2143 717 2194 rum
752 2118 1043 2194 fratrum
1061 2178 1080 2208 ,
1109 2120 1496 2196 incredibili
1530 2123 1780 2197 mentis
1816 2123 2167 2221 animique
2210 2123 2450 2198 ardore
2466 2123 2781 2198 Basileae
2807 2121 3056 2196 studiis
3085 2121 3589 2197 mathematicis

560 2238 995 2326 deditorum3
1058 2239 1132 2313 in
1184 2241 1441 2338 quibus
1485 2247 1843 2340 tantopere
1887 2242 2351 2339 profecerant,
2402 2250 2483 2316 ut
2529 2267 2670 2315 non
2721 2241 2946 2314 solum
2993 2241 3257 2336 optima
3308 2242 3588 2339 quaevis

558 2357 1021 2456 intelligerent
1050 2383 1229 2456 quae
1261 2367 1525 2434 veteres
1562 2361 1650 2434 de
1686 2361 2063 2460 geometria
2092 2361 2363 2458 scriptis
2396 2360 2878 2445 tradidissent,
2931 2357 3056 2430 sed
3097 2357 3308 2430 etiam
3337 2357 3590 2458 scripta

554 2475 1011 2552 recentiorum
1044 2478 1683 2553 mathematicorum
1701 2538 1722 2567 ‚
1771 2479 2135 2577 praecipue
2170 2479 2375 2551 Canu·
2384 2501 2525 2550 as11
2559 2475 2908 2573 huiusque
2945 2482 3586 2550 commentatorum.

554 2594 789 2670 Minor
843 2602 1019 2670 natu
1060 2596 1351 2671 fratrum
1372 2656 1391 2685 ‚
1464 2599 1843 2671 Ioum-mas
1902 2599 2425 2670 BEaNounmth
2448 2653 2467 2682 ‚
2529 2604 2698 2670 tunc
2763 2595 2942 2668 vitae
3005 2618 3270 2668 annum
3337 2594 3588 2694 agebat

553 2713 901 2789 decimum
949 2721 1305 2802 octavum3
1375 2716 1548 2788 alter
1565 2774 1586 2805 ,
1636 2714 1966 2791 tredecim
2010 2713 2211 2790 annis
2253 2720 2477 2788 aetate
2523 2711 2830 2812 superior
2848 2771 2868 2803 ‚
2916 2713 3232 2788 lacones
3255 2771 3275 2802 ‚
3326 2713 3470 2787 dux
3521 2714 3586 2788 ei

554 2833 779 2908 fuerat
826 2832 900 2905 in
950 2832 1199 2908 studiis
1248 2833 1772 2911 mathematicis,
2300 2908 2305 2914 .
2979 2837 2984 2844 ’

648 2932 1005 3050 Ingenita¹
1038 2951 1142 3025 vis
1210 2959 1589 3051 utrumque
1654 2955 1747 3028 ad
1822 2979 1905 3028 ea
1975 2956 2207 3031 studia
2277 2955 2477 3054 quasi
2550 2952 2997 3052 compulerat.
3095 2953 3214 3027 Ad
3265 2953 3392 3030 has
3433 2979 3542 3028 res
3567 3011 3584 3044 ,

552 3067 713 3147 licet
772 3078 971 3170 pater
1036 3095 1365 3170 magnam
1421 3080 1729 3148 ceterum
1791 3097 2029 3148 curam
2078 3099 2318 3150 eorum
2363 3073 2785 3148 institutioni
2827 3071 3322 3170 impendisset,
3373 3072 3462 3149 ab
3510 3097 3590 3147 eo

552 3211 691 3264 non
755 3189 1031 3264 fuerant
1096 3188 1363 3265 incitati
1381 3249 1404 3279 ‚
1469 3192 1639 3290 quin
1697 3193 1931 3292 potius
1995 3193 2085 3268 ab
2156 3194 2294 3268 illis
2355 3194 2633 3292 repulsi.
2736 3191 2990 3266 Maiori
3044 3199 3218 3265 natu
3271 3215 3360 3266 ne
3419 3216 3590 3266 usus

480 3343 491 3356 ·
549 3308 835 3406 quidem
877 3308 1210 3383 librorum
1254 3309 1343 3383 de
1387 3311 1685 3384 mathesi
1724 3312 2135 3409 scriptorum
2152 3390 2161 3401 ,
2179 3337 2222 3385 a
2264 3320 2459 3411 patre
2505 3311 2732 3384 fuerat
2781 3333 3142 3384 concessus
3157 3342 3175 3397 3
3227 3309 3328 3382 ita
3369 3317 3452 3382 ut
3493 3310 3584 3384 ab

550 3425 700 3499 aliis
740 3450 857 3500 eos
889 3427 1341 3524 perlegendos
1374 3428 1711 3527 acciperet
1750 3435 1823 3502 et
1862 3429 2039 3503 clam
2077 3429 2448 3504 devoraret.
2553 3431 2788 3507 Quam
2827 3427 3194 3502 vehemens
3233 3427 3584 3502 doctrinae

549 3543 759 3620 huius
814 3544 1067 3643 cupido
1127 3570 1290 3620 eum
1334 3544 1575 3636 ferret,
1642 3546 1741 3622 ita
1808 3555 1889 3622 ut
1936 3550 2121 3648 patri
2172 3548 2465 3648 obsequi
2512 3573 2655 3623 non
2705 3553 2976 3645 posset,
3025 3544 3436 3645 intelligitur
3493 3571 3582 3621 ex

548 3663 961 3738 emblemate
979 3721 1000 3750 ‚
1036 3663 1227 3763 quod
1260 3689 1342 3739 eo
1370 3671 1673 3765 tempore
1714 3669 2102 3767 usurpavit,
2151 3667 2477 3767 quodque
2523 3665 3078 3766 repraesentabat
3119 3665 3575 3740 Phaetontem

548 3780 814 3857 Phoebi
853 3774 1087 3856 currui
1133 3781 1569 3859 insistentem
1608 3809 1771 3861 cum
1814 3785 2221 3886 epigraphe:
2296 3789 2564 3861 vincito
2589 3794 2805 3884 patre
2845 3787 3076 3859 sidera
3120 3786 3381 3858 verso.''

643 3901 893 4000 Neque
954 3901 1088 3977 alia
1153 3926 1351 3976 mens
1414 3902 1549 3976 fuit
1609 3904 1839 3980 fratris
1862 3963 1883 3993 ,
1940 3906 2054 3980 cui
2112 3905 2417 4004 primum
2469 3913 2898 3994 mercaturae,
2943 3903 3288 3978 destinato
3339 3913 3578 4008 postea

552 4020 1055 4096 concedebatur
1122 4021 1230 4096 uti
1294 4021 1729 4097 institutione
1793 4024 2183 4098 academica
2248 4025 2323 4098 in
2398 4024 2567 4097 urbe
2640 4048 2766 4099 sua
2835 4023 3074 4122 patria.
3196 4023 3574 4098 Luctantes

553 4139 739 4212 enim
788 4165 949 4217 cum
1006 4141 1246 4215 multis
1284 4141 1833 4240 impedimentis,
1882 4165 2060 4239 quae
2096 4143 2183 4216 iis
2222 4141 2724 4216 obiiciebantur
2766 4142 2842 4215 in
2889 4141 3000 4216 via
3047 4166 3258 4239 quam
3302 4141 3573 4239 ingredi

552 4255 967 4356 cupiebant,
1024 4283 1295 4358 semper
1311 4317 1333 4348 ‚
1396 4259 1602 4359 genio
1668 4284 1797 4334 suo
1856 4260 2086 4348 ducti,
2134 4260 2488 4339 redierunt
2531 4260 2624 4336 ad
2673 4286 2826 4336 eam
2875 4259 3303 4359 disciplinam
3320 4317 3341 4347 ,
3393 4283 3570 4356 quae

554 4375 815 4452 lumine
856 4376 1159 4451 veritatis
1200 4403 1317 4452 eos
1356 4379 1622 4454 allicere
1661 4403 2047 4478 numquam
2087 4380 2312 4455 desiit.
2412 4381 2723 4478 Uterque
2770 4385 2988 4453 totam
3029 4377 3240 4452 vitam
3285 4375 3569 4458 eximias

442 4551 449 4558 .
552 4495 803 4570 mentis
853 4494 1210 4570 facultates
1266 4496 1568 4572 intendit
1620 4505 1700 4572 ut
1752 4498 1959 4573 altius
2006 4499 2352 4597 altiusque
2398 4500 2715 4573 evolaret.

650 4614 787 4688 Cui
856 4612 957 4688 rei
1025 4637 1108 4688 eo
1174 4621 1479 4714 tempore
1540 4617 1915 4691 Lmnm'rn
1975 4642 2252 4716 quoque
2316 4618 2648 4716 scriptum
2710 4614 3135 4691 occasionem
3205 4616 3564 4714 praebuit3

554 4732 723 4832 quin
784 4732 935 4831 ipsa
994 4731 1376 4807 obscuritas
1435 4735 1750 4832 opusculi
1804 4735 2331 4810 incitamentum
2378 4738 2514 4812 illis
2565 4743 2748 4823 erat,
2800 4743 2881 4809 ut
2926 4735 3305 4834 intelligere
3347 4735 3562 4811 disce·
3643 4737 3652 4744 ’

554 4859 747 4938 rent3
819 4851 1007 4950 quod
1066 4851 1249 4927 intra
1303 4876 1557 4951 paucos
1616 4853 1763 4930 dies
1804 4855 1891 4928 iis
1942 4880 2029 4930 ex
2077 4862 2234 4930 voto
2274 4856 2623 4932 successit.
2725 4857 2888 4935 Quo
2929 4855 3111 4930 facto
3150 4857 3381 4932 aditus
3432 4855 3566 4929 illis

3099 4977 3192 5048 14
