4967 6217
1829 720 2380 791 ORATIO.
3177 732 3184 737 ’
3487 722 3614 787 113

678 932 989 1011 Basileae
1032 936 1251 1011 redux
1296 935 1635 1009 salutatus
1682 940 1789 1007 est
1840 934 1928 1007 ab
1980 933 2297 1008 universo
2336 940 2582 1007 senatu
2626 932 3016 1007 academico
3037 990 3058 1019 ,
3106 932 3196 1006 ab
3239 952 3460 1028 eoque
3505 935 3612 1001 est

578 1052 909 1129 invitatus
929 1114 948 1144 ,
1015 1054 1185 1153 quin
1254 1054 1648 1153 flagitatus,
1719 1062 1799 1125 ut
1872 1053 2209 1127 damnum
2271 1050 2599 1150 praeclari
2655 1050 2884 1127 fratris
2941 1051 3346 1138 resarciret,
3416 1047 3610 1121 urbis

577 1182 811 1249 autern
872 1175 1319 1273 magistratus
1382 1172 1819 1247 honorarium
1880 1172 1946 1245 ei
2004 1171 2273 1245 addixit
2312 1170 2656 1269 peculiare
2669 1228 2691 1259 ,
2741 1170 2930 1270 quod
2971 1171 3035 1245 ei
3085 1176 3612 1270 procuraverant

576 1293 709 1391 ipsi
774 1293 875 1367 illi
938 1293 1061 1367 viri
1078 1352 1099 1381 ‚
1170 1292 1293 1391 qui
1363 1290 1699 1390 collegam
1766 1314 1928 1365 eum
1990 1288 2243 1365 habere
2313 1290 2708 1388 cupiebant.
2823 1290 2958 1366 Illa
3012 1288 3489 1365 benevolentia
3541 1296 3610 1360 et

574 1412 945 1487 liberalitas
1016 1435 1180 1485 eum
1250 1416 1653 1497 moverunt,
1714 1418 1797 1481 ιιι
1850 1432 1939 1483 ne
1988 1408 2385 1483 cathedram
2434 1407 2890 1483 Basiliensem
2939 1416 3306 1484 recusaret.
3405 1408 3610 1481 Brevi

578 1552 735 1603 vero
804 1537 960 1626 post
1026 1550 1287 1601 munus
1354 1524 1751 1625 auspicatus
1820 1534 1929 1601 est
1999 1526 2237 1602 habita
2316 1526 2655 1601 orationes
2738 1529 2822 1603 de
2874 1530 3074 1623 satia
3133 1528 3488 1624 analyticos
3541 1534 3612 1599 et

562 1651 973 1746 yeometriae
1041 1647 1471 1721 sublimioris.
1572 1644 1737 1719 Iure
1807 1656 2041 1722 autem
2105 1645 2740 1723 animadverterunt
2799 1647 3152 1721 neminem
3223 1644 3608 1743 digniorem

573 1766 786 1840 fuisse
809 1824 829 1853 ,
895 1766 1019 1864 qui
1069 1763 1205 1841 ista
1259 1766 1403 1842 fata
1446 1776 2011 1842 commemoraret
2030 1825 2050 1856 ,
2116 1790 2329 1867 quam
2369 1767 2494 1864 qui
2541 1766 2920 1866 principem
2964 1790 3328 1867 personam
3373 1764 3447 1838 in
3501 1765 3610 1838 his

570 1885 781 1959 rebus
830 1886 981 1985 ipse
1030 1884 1328 1985 egisset3
1378 1886 1967 1984 quemadmodum
2026 1888 2326 1962 Cassan
2346 1947 2367 1977 ,
2418 1910 2638 1987 quum
2687 1886 3214 1961 commentarios
3263 1886 3352 1959 de
3404 1884 3610 1958 rebus

571 2029 613 2076 a
662 2028 735 2078 se
783 2004 999 2104 gestis
1044 2004 1521 2081 conscriberet.
1628 2062 1637 2067 -
1748 2010 1755 2017 ’

490 2214 499 2223 Ι
670 2126 781 2199 Ne
848 2134 1085 2199 tamen
1142 2124 1403 2225 putetis
1464 2126 1537 2199 in
1608 2135 1843 2200 nostra
1909 2127 2133 2225 patria
2194 2150 2333 2201 non
2395 2128 2656 2203 factum
2721 2148 2872 2203 esse
2927 2125 3416 2225 quodcumque
3460 2124 3608 2197 fieri

570 2244 841 2343 potuit,
910 2253 993 2318 ut
1060 2243 1361 2319 eximius
1428 2244 1529 2318 vir
1598 2244 1851 2319 nostris
1910 2244 2179 2321 civibus
2255 2255 2639 2323 servaretur
2693 2246 2799 2321 vel
2843 2246 3076 2319 denuo
3117 2243 3606 2342 acquireretur.

576 2362 1001 2437 Ultraiectini
1020 2420 1040 2451 ,
1114 2362 1233 2461 qui
1250 2421 1271 2451 ,
1346 2387 1566 2462 quum
1644 2364 1761 2451 hic
1828 2365 2167 2465 degebat,
2236 2366 2381 2442 iam
2454 2390 2736 2465 operam
2809 2363 3182 2453 dederant,
3260 2370 3340 2436 ut
3411 2386 3610 2436 suam

568 2481 991 2567 academiam
1036 2482 1425 2580 praesentia
1474 2484 1626 2557 eius
1668 2485 2197 2559 condecorarent
2212 2542 2232 2573 ,
2280 2508 2562 2559 omnem
2605 2484 2863 2559 iterum
2909 2482 3050 2556 vim
3103 2480 3604 2568 intendebant,

568 2610 649 2674 ut
724 2602 866 2675 voti
940 2610 1294 2701 compotes
1367 2602 1613 2676 fierent
1635 2661 1656 2690 ,
1733 2626 1897 2678 cum
1980 2603 2372 2696 academiae
2448 2602 2614 2678 huic
2690 2602 3189 2679 valedicturum
3263 2600 3604 2676 audirent]

566 2722 918 2797 Miserunt
986 2722 1061 2795 in
1126 2744 1289 2797 eum
1344 2722 1559 2796 finem
1620 2722 1710 2797 ad
1765 2721 1965 2797 illum
2012 2720 2463 2823 professorem
2513 2744 2721 2797 suum
2778 2720 3246 2825 eloquentiae,
3301 2720 3610 2793 Psi-aum

566 2825 1091 2928 Romanunm
1158 2840 1361 2917 cuius
1430 2848 1665 2915 tamen
1722 2832 1941 2915 oratio
1998 2864 2141 2916 non
2188 2839 2407 2915 movit
2448 2845 2613 2913 e'um
2633 2895 2654 2927 ,
2703 2844 2787 2911 ut
2836 2836 2927 2912 ab
2971 2836 3218 2911 itinere
3261 2836 3610 2909 Basileam

566 2958 882 3034 faciendo
931 2958 1329 3036 abstineret.
1426 2960 1693 3034 Eodem
1760 2967 1992 3034 autem
2049 2967 2359 3059 tempore
2377 3020 2383 3023 .
2398 2960 2924 3035 Bam-romanus
2971 2954 3184 3031 etiam
3223 2955 3314 3031 ab
3365 2956 3611 3032 acade-

566 3077 707 3152 mia
765 3078 1414 3177 Lugduno-Batava
1460 3080 1811 3154 invitatus
1873 3078 2089 3155 fuisse
2156 3078 2429 3155 videtur
2446 3135 2467 3168 ,
2535 3085 2620 3153 ut
2665 3101 2749 3152 eo
2791 3075 3142 3177 migraret.
3243 3076 3384 3149 Sed
3437 3075 3610 3150 item

562 3196 834 3271 frustra.
903 3198 1087 3299 ‘Nec
1149 3190 1401 3273 melius
1456 3222 1850 3273 successere
1906 3198 2269 3285 conamina
2324 3196 2661 3275 curatoris
2709 3193 3050 3295 primarii.
3080 3193 3394 3269 eiusdem
3447 3219 3603 3269 aca-

566 3316 835 3391 demiae
854 3375 874 3404 ,
922 3316 1197 3392 comitis
1232 3338 1383 3393 vm
1430 3317 1903 3393 Wassnnaaa
1948 3320 2254 3407 Oamm,
2304 3317 2468 3417 qui,
2517 3314 2994 3416 quinquennio
3039 3319 3230 3413 post,
3280 3312 3602 3388 honorifi-

565 3434 959 3509 centissime
982 3434 1087 3509 illi
1109 3435 1365 3511 obtulit
1384 3436 1819 3513 honorarium
1843 3446 1983 3513 tam
2011 3436 2291 3512 liberale
2306 3494 2327 3526 ,
2360 3444 2443 3509 ut
2468 3458 2560 3510 ne
2585 3426 3292 3534 ipseBotanaavms
3317 3433 3602 3531 quidem

567 3576 648 3629 eo
690 3562 999 3653 tempore
1042 3561 1321 3631 tantum
1370 3555 1739 3655 acciperet;
1787 3580 2016 3656 neque
2057 3555 2227 3631 haec
2264 3580 2375 3632 res
2418 3578 2586 3631 eum
2626 3579 2670 3629 a
2709 3552 2984 3627 Basilea
3019 3551 3310 3627 avellere
3351 3553 3601 3651 potuit.

662 3673 938 3751 Quodsi
986 3674 1331 3774 quaeratis
1370 3698 1543 3749 num
1584 3674 1939 3751 academia
1974 3682 2209 3751 nostra
2244 3674 2365 3751 illo
2418 3682 2734 3772 tempore
2791 3694 2933 3746 non
2977 3670 3268 3765 senserit
3317 3672 3599 3771 aliquod

566 3792 689 3867 viri
748 3794 924 3869 tanti
964 3793 1383 3869 desiderium
1406 3852 1427 3882 ,
1477 3818 1567 3869 an
1608 3818 1768 3870 vero
1815 3818 2151 3895 magnum
2200 3793 2507 3871 dolorem
2557 3816 2644 3867 ex
2695 3792 2850 3867 eius
2910 3789 3110 3867 abitu
3173 3794 3554 3892 perceperit
3575 3852 3608 3880 ,.

564 3914 783 3988 fateor
817 3936 934 3988 me
969 3913 1098 3989 hac
1141 3911 1228 3988 de
1262 3936 1337 3988 re
1372 3910 1561 3988 certo
1598 3914 1937 3990 affirmare
1978 3914 2153 3989 nihil
2184 3937 2406 4015 posse.
2505 3911 2650 3987 Sed
2685 3909 2994 3987 instabat
3038 3912 3233 3987 triste
3279 3921 3557 4012 tempus
3579 3970 3597 3997 ,

566 4055 705 4128 quo
762 4029 1061 4105 dubium
1122 4030 1258 4105 fuit
1308 4054 1481 4105 num
1536 4029 1691 4131 ipsa
1756 4032 1997 4109 florere
2063 4039 2415 4133 pergeret,
2474 4054 2566 4107 an
2636 4054 2796 4107 vero
2827 4082 2830 4087 -
2861 4030 2954 4107 ad
3009 4030 3370 4107 interitum
3449 4042 3612 4106 ver-‘

564 4156 777 4247 geret.
876 4148 1188 4225 Vixdum
1248 4158 1486 4227 autem
1546 4151 1771 4227 tristia
1830 4151 1951 4227 illa
2017 4160 2331 4253 tempora
2371 4150 2894 4252 praeterierant,
2958 4149 3246 4225 vixdum
3293 4150 3592 4224 Ordines

566 4268 775 4343 huius
834 4268 1220 4367 provinciae
1285 4270 1729 4347 decreverant
1798 4258 2055 4347 simam
2106 4270 2629 4372 disciplinarum
2676 4278 2970 4347 matrem
3040 4268 3133 4344 ad
3175 4269 3389 4343 vitam
3431 4292 3592 4367 pae-

564 4412 651 4461 ne
707 4386 1115 4463 exstinctam
1179 4412 1493 4467 revocare
1550 4399 1624 4465 et
1674 4391 2117 4469 illustriorem
2178 4414 2391 4492 quam
2458 4399 2663 4467 antea
2720 4390 3082 4465 restituere
3101 4445 3122 4477 ,
3197 4412 3359 4463 cum
3425 4388 3550 4462 viri
3575 4448 3593 4475 ‚

564 4506 821 4606 quibus
899 4506 1051 4583 eius
1114 4532 1278 4585 cura
1333 4510 1661 4587 mandata
1726 4521 1912 4601 erat,
1986 4514 2469 4589 Branounuo
2538 4509 2812 4609 insigne
2884 4507 3136 4584 dedere
3220 4499 3591 4584 documen-

562 4634 749 4715 tum,
849 4625 1097 4724 quanti
1166 4651 1329 4703 eum
1400 4629 1705 4705 facerent
1728 4688 1749 4719 ‚
1830 4631 2085 4707 iterum
2164 4654 2329 4707 eum
2417 4632 2556 4707 huc
2633 4627 2960 4705 vocando.
3079 4626 3218 4702 Sed
3299 4626 3590 4715 frustra,

564 4745 1151 4841 quemadmodum
1210 4746 1402 4823 brevi
1454 4758 1658 4825 antea
1715 4746 2037 4825 Paduam'
2082 4749 2335 4826 frustra
2374 4758 2654 4825 vocatus
2695 4747 2942 4824 fuerat.
3054 4747 3404 4823 Basileam
3451 4769 3590 4820 non

564 4862 884 4941 deseruit.

3117 4991 3206 5058 15
