4967 6217
1328 680 1477 777 220‘
2507 707 2560 773 1.
2619 705 2696 795 e.
2749 702 2828 773 c.
2887 701 3173 771 soor

1332 920 1728 1013 corrumpat
1766 919 1839 988 et
1874 910 2220 1012 depravet.
2319 912 2506 987 Nam
2551 920 2633 985 ut
2667 911 3006 1011 colloquia
3038 932 3248 1011 prava
3264 966 3284 997 ‚
3335 907 3434 983 sic
3471 906 3834 983 assiduum
3875 907 4370 985 commercium

1332 1058 1495 1110 cum
1569 1030 1861 1132 impuris
1936 1032 2131 1107 libris
2197 1054 2421 1107 mores
2492 1030 2721 1130 perdit
2791 1038 2863 1105 et
2937 1028 3366 1164 pessumdat.
3482 1029 3720 1105 Quare
3793 1026 3869 1101 in
3933 1027 4378 1102 institutione

1331 1150 1758 1238 curandum,
1822 1174 1911 1224 ne
1976 1149 2469 1225 adolescentuli
2527 1155 2819 1226 venusta
2869 1148 3094 1281 magis
3156 1171 3369 1247 quam
3419 1145 3710 1221 honesta
3771 1145 4024 1245 scripta
4089 1145 4372 1247 legant;

1327 1278 1571 1370 postea
1624 1270 1825 1344 annis
1882 1278 1955 1343 et
2016 1279 2203 1345 recto
2265 1270 2463 1346 cultu
2529 1269 2914 1343 confirmati
2970 1268 3118 1343 sine
3181 1264 3482 1396 periculo
3541 1266 3812 1363 reliqua
3877 1265 4106 1365 legere
4173 1274 4373 1364 pote·

1326 1398 1515 1464 runt.
1636 1389 2017 1465 Maximam
2071 1396 2307 1465 autem
2352 1412 2502 1463 esse
2546 1387 2990 1463 honestorum
3045 1364 3454 1483 scriptorum
3501 1384 3774 1481 copiam
3823 1408 4066 1457 omnes
4101 1384 4372 1470 sciunt,

1330 1508 1631 1606 licetque
1702 1508 1795 1583 ad
1860 1508 2193 1607 plurimos
2264 1509 2552 1596 referre,
2644 1531 2822 1605 quae
2903 1508 3238 1581 Erasmus
3306 1528 3432 1602 pro
3501 1528 3629 1579 suo
3703 1505 3988 1579 consilio
4063 1504 4152 1579 de
4231 1528 4374 1578 uno

1290 1718 1301 1729 .
1339 1625 1568 1700 Tullio
1610 1626 1923 1702 affirmat.
2023 1628 2099 1700 Is
2138 1626 2325 1701 enim
2366 1626 2441 1700 in
2495 1625 2937 1701 celeberrima
2982 1623 3270 1723 epistola
3285 1680 3304 1709 ,
3355 1647 3567 1720 quam
3617 1624 3908 1697 editioni
3947 1625 4368 1699 Tusculana«

1333 1768 1491 1818 rum
1555 1744 2103 1847 disputationum
2156 1744 2407 1819 adiecit
2422 1802 2443 1833 ‚
2511 1744 2678 1819 haec
2733 1744 3006 1819 scribit:
3114 1772 3150 1813 n
3168 1740 3407 1815 Huius
3465 1741 3809 1841 dispendii
3853 1743 4025 1817 adeo
4073 1768 4187 1817 me
4228 1768 4370 1817 non

1336 1863 1682 1963 poenituit
1744 1874 1823 1937 ut
1882 1864 1957 1937 in
2019 1865 2193 1939 votis
2254 1864 2385 1951 sit,
2455 1861 2516 1937 si
2579 1863 2780 1937 liceat
2799 1920 2818 1950 ‚
2885 1862 2978 1937 ad
3040 1866 3302 1935 veteres
3355 1860 3508 1934 illos
3565 1862 3824 1935 amicos
3869 1862 4234 1961 remigrare
4285 1888 4368 1935 ac

1328 2006 1605 2057 menses
1673 1981 1939 2080 aliquot
2001 2006 2163 2056 cum
2232 1982 2369 2057 inis
2430 1981 2856 2056 familiariter
2925 1982 3168 2055 vivere.
3293 1981 3597 2054 Tantum
3667 1980 3954 2055 fructus
4007 2004 4117 2054 me
4183 1982 4370 2054 sensi

1327 2101 1713 2199 percepisse
1751 2124 1837 2173 ex
1870 2099 1979 2173 his
2026 2082 2226 2175 libris'
2260 2102 2530 2175 relectis
2555 2124 2706 2177 ,non
2749 2108 3026 2175 tantum
3057 2101 3148 2175 ad
3187 2098 3326 2173 stili
3365 2098 3762 2198 rubiginem
3796 2090 4326 2199 abstergendam
4345 2160 4366 2187 ‚

1332 2240 1759 2316 quamquam
1826 2216 1956 2290 hoc
2020 2242 2299 2315 quoque
2366 2242 2509 2291 non
2572 2218 2749 2292 nihil
2803 2227 2910 2305 est
2973 2242 3130 2291 meo
3190 2218 3476 2315 quidem
3519 2217 3778 2291 iudicio
3795 2276 3816 2306 ,
3865 2244 4106 2293 verum
4149 2218 4371 2293 multo

1326 2336 1551 2434 magis
1626 2336 1716 2411 ad
1776 2336 1991 2409 animi
2052 2336 2468 2433 cupiditates
2528 2336 2983 2410 moderandas
3043 2335 3625 2433 refrenandasque
3647 2338 3728 2409 1³³³
3833 2338 3930 2431 Et
3993 2345 4368 2437 postquam

1326 2454 1695 2553 magnifice
1745 2453 2054 2529 laudavit
2088 2456 2526 2542 Ciceronem,
2576 2454 2674 2528 ita
2719 2454 2904 2528 hunc
2948 2454 3176 2529 locum
3217 2454 3602 2529 concludit:
3707 2484 3741 2523 u
3763 2455 4078 2529 Profecto
4125 2480 4367 2529 meum

1328 2574 1585 2649 afflavit
1632 2574 1944 2649 animum
1996 2598 2250 2673 meque
2300 2573 2476 2647 mihi
2524 2572 2826 2647 reddidit
2867 2573 3240 2649 meliorem.
3343 2574 3596 2672 Itaque
3652 2597 3790 2647 non
3837 2572 4153 2650 dubitem
4203 2575 4362 2647 hor-

1330 2695 1466 2770 tari
1510 2693 1941 2769 iuventutem
1964 2753 1985 2783 ,
2041 2703 2125 2767 ut
2166 2694 2239 2768 in
2283 2693 2494 2768 huius
2541 2691 2733 2766 libris
2781 2693 3171 2766 evolvendis
3209 2699 3420 2791 atque
3463 2693 3674 2767 etiam
3715 2692 4100 2767 ediscendis
4145 2692 4364 2767 bonas

1330 2814 1537 2887 horas
1592 2813 1877 2887 collocet
1918 2814 2186 2911 potius,
2250 2836 2461 2913 quam
2511 2811 2584 2885 in
2625 2810 2870 2885 rixosis
2916 2837 2996 2885 ac
3049 2810 3487 2910 pugnacibus
3539 2812 3826 2900 libellis,
3876 2812 4137 2911 quibus
4179 2836 4368 2887 nunc

1326 2932 1643 3030 undique
1706 2938 1970 3005 scatent
2029 2932 2281 3006 omnia.
2380 2932 2506 3004 Me
2561 2954 2721 3004 vero
2780 2930 3057 3005 tametsi
3118 2931 3258 3005 iam
3307 2938 3597 3029 urgente
3637 2937 3863 3010 aetate
3903 2956 4032 3006 nee
4072 2930 4370 3031 pudebit

1328 3074 1458 3125 nec
1491 3047 1765 3148 pigebit
1802 3074 1963 3125 cum
1998 3074 2154 3124 meo
2192 3050 2520 3124 Cicerone
2556 3049 2777 3123 redire
2811 3050 2884 3123 in
2925 3049 3219 3147 gratiam
3256 3050 3756 3149 pristinamque
3797 3050 4332 3126 familiaritatem
4345 3108 4364 3138 ,

1340 3167 1648 3243 nimium
1694 3168 1937 3241 multis
1984 3169 2185 3244 annis
2230 3168 2694 3243 intermissam
2713 3226 2733 3255 ‚
2781 3170 3154 3241 renovare”
3203 3170 3322 3259 ¹¹).

1434 3290 1639 3366 Quae
1683 3286 1892 3362 verba
1936 3287 2173 3376 citavi,
2224 3288 2554 3385 quoniam
2599 3287 2674 3361 in
2714 3287 2842 3362 hac
2889 3287 3291 3386 quaestione
3304 3346 3325 3376 ,
3377 3313 3557 3388 quae
3609 3291 3874 3366 ratione
3921 3290 4184 3365 absolvi
4227 3313 4364 3364 non

1333 3412 1567 3506 potest
1584 3464 1606 3494 ,
1654 3406 1927 3493 Erasmi
1990 3406 2363 3483 auctoritas
2408 3413 2478 3481 et
2523 3407 2864 3483 sententia
2901 3407 2988 3482 iis
3006 3465 3026 3495 ‚
3077 3432 3255 3505 quae
3295 3430 3422 3482 nos
3465 3407 3902 3485 defendimus
3922 3469 3943 3499 ,
3990 3409 4366 3509 plurimum

1329 3523 1669 3601 momenti
1713 3523 1930 3599 addit.
2036 3618 2043 3625 ⁹

1424 3643 1587 3718 Una
1668 3650 1981 3742 superest
2058 3644 2445 3719 criminatio
2508 3670 2726 3745 eaque
2799 3645 3221 3745 gravissima.
3341 3648 3528 3721 Nam
3597 3648 3660 3721 si
3731 3648 4060 3746 antiquae
4133 3648 4365 3723 literae

1331 3760 1547 3835 fidem
1587 3759 2053 3835 Christianam
2092 3761 2508 3837 labefactant
2543 3773 2666 3839 aut
2707 3774 2976 3863 oportet
3015 3790 3132 3839 eas
3173 3764 3466 3840 abiicere
3505 3773 3628 3839 aut
3663 3774 3846 3840 certe
3881 3774 4034 3840 tum
4077 3767 4360 3840 demum

1330 3877 1422 3953 ad
1485 3902 1602 3953 eas
1667 3880 2027 3968 accedere,
2096 3904 2317 3977 quum
2389 3906 2587 3958 mens
2647 3884 2974 3959 adversus
3045 3886 3218 3959 tales
3283 3885 3634 3960 illecebras
3695 3886 3914 3985 magis
3959 3886 4362 3960 confirmata

1332 4002 1545 4094 atque
1593 4022 1635 4071 a
1683 3998 1993 4073 doctrina
2038 3999 2371 4075 instructa
2420 4009 2546 4077 est.
2645 4004 2776 4077 Est
2823 4012 3058 4079 autem
3097 4004 3268 4079 haec
3305 4005 3584 4103 querela
3624 4028 3766 4079 non
3815 4029 3992 4079 nova
4031 4011 4104 4078 et
4141 4028 4365 4102 nuper

1332 4122 1518 4209 orta,
1586 4116 1713 4190 sed
1776 4116 1957 4191 inter
2015 4120 2273 4216 primos
2334 4122 2657 4197 ecclesiae
2729 4123 3038 4199 doctores
3105 4132 3177 4197 et
3230 4130 3470 4223 postea
3531 4146 3892 4222 nunquam
3953 4123 4360 4209 defuerunt,

1334 4236 1456 4335 qui
1520 4235 1620 4309 ita
1670 4234 2094 4325 iudicarent,
2143 4245 2226 4312 ut
2286 4240 2664 4339 Gregorius
2708 4240 3056 4339 Magnus,
3103 4242 3230 4341 qui
3277 4243 3592 4340 quamvis
3638 4269 3681 4318 a
3721 4267 3937 4341 puero
3982 4242 4364 4341 disciplinis

1330 4353 1731 4429 liberalibus
1780 4355 2055 4454 egregie
2100 4356 2463 4431 institutus
2510 4358 2792 4446 fuisset,
2841 4368 3076 4434 tamen
3121 4361 3194 4435 in
3245 4386 3386 4435 uno
3431 4387 3548 4435 ore
3588 4386 3752 4437 cum
3799 4360 3988 4435 Iovis
4036 4360 4364 4435 laudibus

1332 4471 1592 4546 Christi
1648 4472 1889 4547 laudes
1954 4498 2195 4574 capere
2243 4500 2316 4549 se
2361 4500 2564 4575 posse
2613 4484 2897 4575 negaret
2939 4480 3032 4572 ¹²)
3058 4538 3078 4567 ,
3125 4480 3470 4578 multique
3517 4480 3632 4555 alii
3648 4539 3667 4568 ,
3719 4504 4018 4579 quorum
4066 4479 4362 4555 auctori-

1332 4596 1475 4663 tate
1538 4590 1611 4664 et
1679 4592 1981 4667 consiliis
2050 4594 2125 4667 in
2187 4594 2538 4669 nonnullis
2603 4596 3001 4695 regionibus
3065 4598 3378 4674 incautos
3446 4600 3786 4700 principes
3859 4601 4364 4675 circumventos

1338 4706 1552 4781 fnisse
1622 4710 1963 4787 novimus.
2063 4714 2177 4788 Ita
2234 4722 2394 4790 ante
2453 4739 2712 4814 paucos
2759 4739 2976 4791 annos
3029 4742 3070 4791 e
3116 4714 3396 4815 pulvere
3455 4718 3776 4794 tabularii
3815 4726 4200 4794 extractum
4247 4724 4359 4791 est

1338 4824 1691 4902 decretum
1750 4831 2003 4906 saeculi
2060 4832 2237 4909 XVI
2312 4824 2628 4913 exeuntis
2648 4895 2668 4926 ,
2734 4861 2875 4935 quo
2936 4838 3266 4914 Bavariae
3327 4838 3473 4919 dux
3536 4846 4010 4939 praeceptores
4023 4896 4046 4930 ,
4099 4834 4364 4937 quibus
