4967 6217
1327 716 1455 785 208
2511 715 2564 779 1.
2625 706 2695 779 (ἶ.
2755 711 2835 781 G.
2895 708 3178 777 ΒΟΟΤ

1322 946 1553 996 rerum
1622 922 2000 1010 subtilitas»,
2075 945 2252 1018 quae
2314 945 2453 995 non
2525 922 2732 995 modo
2791 944 3035 995 acuere
3098 917 3378 1018 ingenia
3440 917 3728 1015 puerilia
3752 977 3771 1004 ,
3843 918 3966 991 sed
4047 912 4358 993 exercere

1321 1038 1728 1114 altissimam
1772 1062 2051 1137 quoque
2102 1037 2557 1113 eruditionem
2601 1064 2681 1113 ac
2723 1038 3078 1112 scientiam
3119 1036 3358 1136 possit.
3443 1036 3598 1111 Hac
3642 1036 3903 1111 ratione
3949 1037 4008 1111 si
4054 1038 4364 1137 aliquam

1322 1158 1731 1258 particulam
1776 1160 2033 1233 Iliados
2086 1167 2156 1231 et
2202 1158 2550 1233 Aeneidos
2570 1217 2589 1248 ,
2641 1183 2854 1233 unam
2901 1156 3282 1232 orationem
3330 1157 3823 1230 Demosthenis
3861 1166 3932 1230 et
3976 1154 4362 1246 Ciceronis,

1321 1303 1545 1353 unum
1600 1278 1855 1353 librum
1906 1278 2247 1352 Herodoti
2298 1286 2369 1353 et
2418 1278 2599 1353 Livii
2641 1277 2978 1377 legeritis,
3031 1277 3252 1351 multo
3294 1277 3453 1374 plus
3496 1276 3916 1376 profeceritis
3963 1277 4054 1351 ad
4097 1278 4364 1376 reliqua

1317 1398 1568 1472 horum
1638 1398 2031 1496 principum
2104 1398 2532 1495 aliorumque
2603 1398 2853 1527 scripta
2896 1396 3345 1497 intelligenda
3395 1422 3608 1495 quam
3657 1398 3716 1469 si
3761 1394 4134 1495 neglectiS,
4188 1421 4361 1494 quas

1319 1519 1525 1592 multi
1560 1542 1785 1616 nugas
1828 1526 2118 1617 putant,
2168 1518 2261 1592 ad
2300 1542 2476 1591 nova
2523 1542 2794 1615 semper
2767 1486 3216 1604 festinatis,
3267 1516 3675 1614 priusquam
3727 1540 3810 1589 ea
3871 1540 4047 1613 quae
4093 1514 4361 1615 legistis

1323 1638 1529 1736 plana
1601 1637 1795 1711 vobis
1858 1645 2023 1711 sunt
2092 1646 2163 1711 et
2240 1638 2620 1736 perspicua.
2735 1636 2892 1711 Hac
2969 1636 3268 1734 denique
3331 1636 3444 1709 via
3515 1632 3912 1735 pervenitur
3971 1636 4061 1709 ad
4131 1660 4363 1709 veram

1320 1756 1753 1854 antiquitatis
1802 1757 2360 1845 admirationem,
2413 1782 2554 1854 qua
2600 1756 2806 1829 multi
2850 1781 2935 1830 ex
2977 1755 3524 1843 commentariiS,
3575 1779 3750 1854 quos
3803 1762 4048 1828 vocant
4095 1754 4361 1829 aesthe·

1319 1876 1527 1964 ticos,
1595 1877 1859 1950 minore
1925 1877 2157 1951 labore
2228 1876 2454 1951 imbui
2503 1900 2575 1949 se
2623 1900 2832 1973 posse
2865 1870 3039 1949 falso
3081 1870 3544 1947 οιιίειιίιιιιιιιιμ
3604 1873 3761 1947 Hoc
3813 1882 4049 1946 tamen
4091 1871 4360 1946 cavebi-

1324 2020 1517 2083 muS,
1566 2022 1655 2069 ne
1706 1998 1836 2070 toti
1874 1997 1947 2069 in
1994 1997 2223 2070 verbis
2270 1980 2586 2095 occupati
2633 2020 2742 2069 res
2787 1996 2974 2092 ipsas
3016 1989 3286 2092 parum
3309 2018 3547 2067 curare
3601 1992 4008 2079 videamur,
4060 1990 4182 2064 sed
4227 2014 4356 2087 pro

1320 2138 1395 2187 re
1448 2123 1612 2188 nata
1660 2140 1883 2189 mores
1925 2124 1995 2189 et
2046 2116 2366 2189 instituta
2414 2115 2860 2212 antiquorum
2909 2114 3407 2211 explicabimus
3456 2105 3692 2209 itaque
3735 2109 4082 2183 ieiunitati
4111 2108 4360 2207 dispu-

1319 2233 1600 2307 tationis
1644 2226 2133 2332 grammaticae
2179 2259 2530 2307 occurrere
2579 2233 3036 2307 studebimus
3114 2234 3202 2305 In
3247 2226 3782 2330 antiquitatibus
3827 2238 4063 2303 autem
4107 2229 4364 2303 Roma-

1318 2352 1428 2425 nis
1498 2354 1893 2427 enarrandis
1952 2354 2043 2427 ad
2112 2354 2299 2451 ipsos
2359 2355 2584 2428 fontes
2649 2378 2770 2425 vos
2834 2346 3120 2439 ducam,
3189 2376 3486 2456 quorum
3561 2350 3759 2447 copia
3813 2357 3884 2423 et
3909 2345 4364 2480 praestantia

1320 2496 1440 2545 vos
1508 2472 1831 2546 invitabit
1886 2473 1977 2546 ad
2026 2474 2388 2548 lectionem
2430 2480 2504 2547 et
2556 2460 3078 2545 meditationem
3129 2471 3504 2545 multorum
3533 2464 3996 2579 scriptorum,
4049 2466 4256 2565 quo‘s
4289 2466 4366 2539 in

1319 2592 1470 2665 aliis
1540 2592 1789 2665 scholis
1854 2586 2093 2666 omnes
2158 2593 2497 2707 attingere
2565 2617 2876 2691 neque03
2946 2591 3579 2687 recentiorumque,
3619 2612 3988 2685 quorum
3999 2586 4358 2661 laboribus

1316 2718 1387 2783 et
1453 2710 1732 2808 ingenio
1800 2712 2061 2785 multae
2121 2721 2352 2812 partes
2415 2702 2666 2785 huius
2697 2704 3122 2810 disciplinae
3173 2712 3366 2784 sunt
3402 2709 3782 2784 illustratae
3849 2707 3956 2779 vel
4025 2710 4364 2792 tentatae,

1314 2828 1597 2904 inventa
1651 2837 1724 2903 et
1766 2830 2121 2927 opiniones
2181 2834 2479 2932 potiores
2535 2832 2777 2907 saltem
2829 2831 3185 2905 vobiscum
3228 2827 3616 2928 explorabo.
3689 2830 3934 2901 Extra
3979 2824 4255 2899 scholas
4304 2823 4370 2898 si

1316 2947 1475 3045 quis
1531 2974 1688 3021 mea
1754 2974 1960 3053 opera
2023 2950 2130 3023 uti
2166 2952 2349 3024 volet
2400 2944 2498 3011 -'-
2543 2950 2772 3023 volent
2813 2956 3050 3023 autem
3089 2942 3374 3037 omnese,
3427 2950 3550 3048 qui
3593 2947 3860 3045 aliquid
3907 2944 4132 3019 maius
4175 2968 4366 3042 spec-

1315 3074 1509 3154 tant,
1544 3058 1795 3165 ‘quam
1854 3075 2141 3141 eatenus
2218 3070 2343 3143 has
2412 3094 2524 3141 res
2581 3092 2817 3165 agere,
2891 3064 3254 3142 donec'ad
3298 3069 3466 3143 alias
3513 3067 3800 3141 transire
3845 3065 4111 3165 possint
4153 3106 4255 3121 -
4308 3063 4368 3137 si

1315 3187 1474 3284 quis
1509 3185 1725 3284 igitur
1768 3212 1924 3261 mea
1970 3213 2177 3285 opera
2222 3188 2328 3261 uti
2370 3188 2552 3261 volet
2587 3185 2996 3274 domestica,
3047 3186 3112 3260 ei
3151 3211 3292 3261 non
3342 3188 3582 3275 deero,
3637 3186 3759 3259 sed
3808 3210 3882 3257 re
3933 3184 4040 3257 vel
4079 3182 4367 3258 consilio

1316 3330 1479 3380 eum
1551 3306 1879 3380 adiuvare
1946 3298 2259 3381 con‘abor.
2363 3308 2613 3404 Neque
2684 3306 3053 3381 molestum
3131 3307 3304 3381 mihi
3369 3307 3499 3381 erit
3569 3305 3806 3379 crebro
3880 3312 3950 3377 et
4010 3328 4051 3376 a
4127 3300 4366 3376 multis

1314 3424 1668 3498 literarum
1718 3451 1927 3500 causa
1967 3426 2405 3525 interpellari.
2507 3426 2694 3499 Nam
2741 3434 2823 3498 ut
2865 3427 2975 3499 vel
3011 3426 3258 3525 optimi
3299 3426 3730 3523 imperatoris
3774 3424 4067 3496 virtutes
4103 3422 4366 3502 iacent,

1314 3532 1451 3616 nisi
1489 3545 1847 3619 accesserit
1888 3546 2190 3619 militum
2238 3546 2596 3633 voluntaS,
2647 3546 2745 3619 sic
2791 3546 2973 3634 eius,
3023 3546 3148 3644 qui
3192 3545 3538 3619 iuventuti
3584 3543 4002 3618 erudiendae
4063 3542 4363 3615 forman-

1318 3664 1584 3760 daeque
1644 3672 1999 3761 operatur,
2066 3664 2347 3739 inutiles
2408 3632 2612 3785 erunt
2653 3665 2958 3753 laboreS,
3005 3665 3142 3739 nisi
3184 3665 3682 3763 discipulorum
3728 3663 3942 3736 fidem
3999 3660 4359 3735 conciliare

1323 3782 1456 3853 sibi
1502 3782 1833 3878 potuerit.

1418 3900 1507 3973 Id
1566 3900 1701 3973 nisi
1764 3898 2091 3999 consequi
2156 3902 2432 4001 cupiam
2454 3961 2474 3991 ,
2526 3903 2858 4003 indignus
2911 3904 3045 3979 sim
3091 3905 3647 4005 praeceptoribus
3693 3928 3902 4001 quoe,
3951 3903 4080 3975 ista
4126 3906 4358 3973 aetate

1316 4042 1539 4115 quum
1610 4045 1867 4109 essem,
1947 4022 2021 4093 in
2081 4022 2449 4097 Athenaeo
2512 4023 2993 4098 Daventriensi
3059 4032 3131 4099 et
3187 4024 3262 4099 in
3313 4024 3694 4098 Academia
3746 4020 4072 4125 Leidensi
4119 4016 4358 4092 habui.

1309 4139 1439 4211 Illa
1504 4148 1818 4239 tempora
1884 4140 2153 4237 quoties
2214 4141 2481 4239 cogite,
2549 4168 2710 4216 cum
2769 4144 3060 4217 aliorum
3111 4168 3251 4217 non
3303 4144 3594 4218 obscura
3635 4143 3706 4215 in
3755 4168 3869 4215 me
3931 4138 4166 4212 studia
4209 4160 4360 4210 esse

1311 4259 1637 4345 memini,
1700 4268 1854 4333 tum
1910 4266 1993 4333 tu
2043 4260 2117 4332 in
2176 4260 2417 4357 primis
2471 4262 2704 4335 animo
2747 4286 2902 4336 meo
2963 4263 3378 4364 obversaris,
3428 4262 3680 4335 Asseni
3723 4248 3856 4343 ‘Vir
3917 4256 4356 4332 Clarissimel

1314 4378 1465 4451 Tua
1524 4380 1716 4453 'enim
1792 4379 2039 4453 domus
2104 4404 2373 4477 semper
2431 4379 2603 4453 mihi
2666 4382 2937 4479 patuit,
3004 4390 3085 4457 tu
3131 4408 3242 4456 me
3288 4406 3450 4457 cum
3510 4382 3748 4480 paucis
3799 4379 3950 4453 aliis
4005 4402 4086 4452 co
4102 4374 4358 4449 mmili·

1313 4496 1592 4570 tonibus
1652 4500 1917 4597 privata
1964 4498 2399 4573 institutione
2438 4499 2532 4574 ad
2571 4501 2896 4598 legendas
2950 4502 3286 4576 orationes
3327 4502 3677 4575 Tullianus
3719 4506 3790 4573 et
3831 4498 3926 4571 ad
3968 4497 4360 4595 fragmenta

1314 4622 1621 4689 veterum
1678 4618 2310 4692 Iureconsultorum
2360 4620 2777 4717 exploranda
2817 4620 3160 4710 invitasti,
3210 4629 3290 4694 tu
3341 4621 3562 4695 multa
3603 4643 3876 4717 semper
3925 4616 4098 4690 mihi
4145 4614 4354 4687 bene-

1312 4734 1647 4809 volentiae
1701 4736 1955 4811 indicia
2018 4738 2420 4827 ostendisti,
2472 4739 2580 4813 vel
2627 4740 2756 4815 hoc
2803 4740 3035 4839 ipsum
3063 4794 3084 4831 ,
3133 4742 3321 4840 quod
3367 4740 3612 4815 affecta
3669 4736 4070 4812 valetudine
4119 4741 4352 4807 tamen

1306 4852 1398 4926 ad
1470 4878 1581 4953 me
1639 4854 2065 4929 audiendum
2124 4856 2261 4931 huc
2330 4856 2597 4933 venisti.
2697 4858 2834 4933 His
2899 4884 3032 4958 ego
3095 4859 3446 4935 beneficiis
3513 4866 3774 4956 tuaque
3835 4853 4136 4929 amicitia
4185 4858 4340 4924 tum
