4967 6217
1435 682 1520 751 32
2437 676 2765 749 NICOLAI
2808 680 3274 749 cmusrum
3320 679 3508 747 3181·

1435 890 1534 963 In
1552 896 1770 988 parte
1817 887 2138 961 historica
2183 885 2380 959 buius
2421 888 2989 961 commentationis
3021 890 3310 986 scriptor
3347 886 3919 961 accuratissimam
3960 886 4463 962 Elec-tricicum

1505 1008 1952 1084 Galvanicae
1999 1007 2348 1079 scientiam
2394 1006 2501 1078 ita
2528 1006 2889 1104 probavit,
2938 1014 3017 1079 ut
3068 1007 3253 1081 Ordo
3302 1006 3481 1079 nihil
3502 1008 3674 1101 fere
3725 1007 3908 1105 quod
3948 1007 4469 1103 reprehenderet

1531 1129 1882 1202 inveniret.
1983 1126 2228 1199 Altera
2287 1148 2502 1221 pars,
2579 1150 2755 1224 quae
2818 1127 3041 1245 'ipsws
3104 1127 3454 1223 smsptoris
3522 1127 4070 1225 investiqationes
4132 1128 4463 1211 continet,

1535 1270 1934 1383 quamquam
1997 1268 2129 1317 non
2191 1244 2278 1317 ab
2341 1246 2521 1317 omni
2560 1251 2777 1341 parte
2822 1251 2928 1317 est
2969 1244 3309 1332 absoluta,
3361 1251 3583 1317 tamen
3638 1252 3835 1318 tanta
3882 1244 4309 1343 diliyentiae,
4354 1244 4463 1316 in-

1519 1367 1714 1465 yenii
1767 1372 1840 1439 et
1884 1364 2214 1461 Physices
2267 1365 2480 1435 studii
2522 1372 2711 1437 recte
2754 1365 3055 1437 instituti
3098 1366 3463 1460 specimina
3512 1366 3847 1451 continet,
3899 1370 3978 1436 ut
4023 1365 4295 1463 iniquus
4333 1366 4463 1449 sit,

1529 1487 1650 1585 qui
1707 1511 1756 1556 a
1813 1486 2050 1556 invene
2092 1482 2354 1556 maiora
2397 1488 2521 1554 aut
2555 1484 2834 1555 meliora
2885 1490 3273 1581 affectare
3318 1484 3503 1557 velit.
3602 1484 3859 1581 Itaque
3905 1482 4211 1556 lubenter
4286 1482 4463 1555 Ordo

1533 1603 2139 1677 commentationem
2185 1607 2257 1673 et
2298 1602 2500 1675 iustis
2546 1601 2855 1674 laudibus
2900 1608 2973 1675 et
3004 1603 3312 1699 praemio
3361 1601 3583 1701 Reyio
3632 1602 4002 1677 enm-navit.
4054 1590 4063 1593 ’

1380 1746 1396 1760 ·
1438 1723 1844 1819 Sm‘ptorem
1890 1730 2048 1793 ver‘o
2094 1742 2168 1792 se
2199 1722 2564 1815 professus
2610 1724 2733 1793 est.
2760 1727 2832 1793 et
2874 1744 2950 1794 se
2996 1744 3140 1794 esse
3169 1720 3501 1819 probavit
3860 1704 3871 1717 ”

2442 1965 2833 2037 IOANNES
2888 1968 3286 2039 BOSSGHA
3342 1968 3479 2047 1¹„

2082 2114 2155 2173 In
2195 2110 2370 2172 Acad.
2409 2111 2593 2190 Lugd.
2632 2113 2763 2173 But.
2804 2112 2988 2175 Math.
3029 2117 3085 2173 et
3122 2113 3271 2173 Phil.
3309 2114 3447 2174 Nat.
3489 2110 3841 2171 Candidatus.

1536 2333 1834 2407 Gratum
1882 2330 2056 2406 mihi
2101 2338 2249 2419 est,
2298 2333 2886 2429 praestantissime
2924 2333 3301 2407 BosscaAl
3356 2338 3461 2419 te,
3512 2330 3970 2405 laudatissimi
4016 2329 4465 2403 celeberrimi-

1437 2474 1574 2548 que
1621 2450 1849 2524 Patris
1900 2451 2134 2548 ipsum
2187 2450 2328 2524 iam
2381 2448 2743 2525 laudatum
2790 2452 3055 2539 filium,
3116 2450 3291 2525 mihi
3334 2475 3420 2523 ex
3464 2450 3593 2523 hoc
3640 2450 3787 2523 loco
3836 2448 4281 2523 salutandum
4324 2474 4469 2524 esse

1436 2569 1712 2666 publice
1777 2570 2222 2666 praemioque
2292 2571 2700 2643 ornandum.
2822 2570 3037 2649 Quod
3102 2579 3184 2643 nt
3242 2569 3414 2656 tibi,
3476 2568 3575 2642 ita
3637 2577 3707 2641 et
3771 2567 4051 2642 Parenti
4109 2576 4268 2656 tue,
4330 2569 4471 2643 viro

1433 2688 1611 2759 mihi
1675 2687 2297 2774 aestumatissimo,
2365 2712 2454 2759 ex
2522 2688 2753 2761 animo
2815 2690 3142 2787 gratulor.
3244 2688 3356 2763 Tu
3407 2712 3563 2761 vero
3615 2688 3755 2761 iam
3809 2688 3939 2760 hoc
3992 2688 4184 2761 omni
4226 2688 4469 2761 virium

1439 2829 1605 2901 agas
1653 2804 2081 2893 intensione,
2150 2812 2274 2891 ut,
2333 2804 2518 2878 bono
2568 2830 2729 2879 cum
2763 2807 2955 2894 De0,
3006 2832 3146 2881 non
3188 2815 3467 2881 tantum
3513 2805 3771 2879 eruditi
3808 2806 4112 2879 nominis
4152 2806 4257 2879 tui
4294 2805 4465 2879 cele-

1437 2920 1764 2997 britatem
1837 2923 2095 2997 tuearis
2165 2948 2436 3021 semper
2506 2931 2715 3022 atque
2788 2926 3169 3013 sustineas,
3239 2926 3361 2999 sed
3428 2933 3508 2999 ut
3572 2926 3885 3012 Patriae,
3953 2925 4244 3013 Literis,
4310 2934 4471 2997 tuae

1361 3092 1366 3099 -
1435 3042 1776 3141 imprimis
1822 3042 2244 3141 Disciplinae
2297 3042 2522 3141 magis
2570 3052 2905 3144 perpetuo
2952 3054 3357 3121 ornamento
3408 3046 3501 3119 sis
3550 3052 3621 3119 et
3668 3012 4171 3119 emolumento!

1748 3520 2220 3596 IUDICIUM
2272 3522 2687 3595 ORDINIS.
2724 3522 3454 3597 PHILOSOPHIAE
3504 3520 4181 3597 THEORETICAE

2376 3640 2499 3712 ΕΤ
2544 3641 2784 3715 ΠΤΓ.
2834 3640 3549 3718 HUMANIORUM.

1447 3876 1565 3947 Ad
1605 3874 2058 3972 quaestionem
2107 3900 2192 3948 ω»
2238 3875 2533 3951 Litteris
2584 3880 2865 3952 Graecis
2880 3910 2905 3952 .-
3040 3863 3047 3873 ’

1455 4022 1490 4060 ιι
1511 3991 1990 4065 Emendentur
2037 4018 2122 4066 ex
2170 3994 2617 4092 scriptoribus
2661 3995 2962 4071 classicis
3004 3998 3285 4073 Graecis
3329 4000 3637 4098 quinque
3686 4008 3757 4073 et
3806 3998 4053 4097 viginti
4101 3996 4467 4069 minimum

1547 4140 1586 4179 ιι
1601 4110 1733 4185 1001
1802 4111 2197 4211 depravati,
2273 4115 2723 4213 singulaeque
2788 4118 3303 4193 emendationes
3364 4120 3733 4218 probenter
3787 4126 3860 4194 et
3916 4118 4471 4191 demonstrentur

1547 4261 1584 4299 ιι
1606 4254 1918 4305 sermone
1964 4231 2214 4305 Latino
2259 4234 2351 4306 ad
2403 4259 2557 4307 eam
2604 4237 2894 4311 formam
2946 4244 3016 4310 et
3068 4238 3479 4337 elegantiam
3501 4298 3521 4327 ,
3582 4240 3783 4314 cuius
3828 4236 4223 4334 exemplum
4275 4234 4470 4307 lucu-

1552 4380 1590 4419 ιι
1609 4349 2072 4424 lentissimum
2120 4358 2227 4423 est
2273 4350 2344 4424 in
2394 4352 2701 4427 Mean-1¹1
2748 4344 2975 4429 Variis
3022 4356 3541 4433 LectionibuS.”

1559 4470 1742 4541 Ordo
1791 4461 2052 4568 acecssm't
2095 4474 2672 4545 commentationes
2719 4474 2907 4545 duas.

1447 4586 1693 4661 ‚Altera
1739 4589 2064 4687 inmynita
2113 4600 2271 4665 erat
2311 4616 2508 4667 versu
2556 4592 2969 4691 Tlteqqnideo
2985 4626 3007 4664 .·
3064 4588 3510 4694 ’Ἄνθρωποι
3560 4593 3647 4669 δὲ
3693 4594 3999 4689 μάταια
4049 4592 4473 4688 νομιζομεν

1549 4701 1830 4790 εἰδότες
1902 4706 2149 4785 οὐδέν·
2215 4714 2300 4786 id
2369 4719 2493 4811 est·
2533 4710 2854 4786 ducimur
2907 4712 3223 4787 homines
3284 4714 3477 4789 vanis
3532 4714 3973 4814 opinionibus
4027 4736 4157 4786 nec
4213 4710 4471 4783 scimus

1553 4824 1974 4935 quidquam3
2045 4854 2242 4928 quam
2298 4834 2695 4908 sententiam
2748 4818 2971 4907 beram
3020 4857 3164 4909 esse
3201 4835 3468 4910 videtur
3506 4834 4073 4911 commentationis
4115 4838 4351 4905 auctor
4387 4830 4473 4902 de
