4967 6217
1396 680 1525 760 124
2479 694 2558 761 e.
2628 694 2706 761 A.
2773 676 3346 763 ansonem&

1391 902 1739 977 institutio
1810 900 2051 975 eodem
2113 898 2321 974 modo
2384 922 2526 1001 quo
2581 900 2930 977 doctrinae
3007 903 3196 1002 ipsae
3277 900 3756 1001 amplificetur.
3875 900 4120 979 Quum
4191 910 4416 981 tamen

1395 1022 1740 1120 sapienter
1800 1020 2316 1119 dispensentur,
2384 1044 2528 1095 non
2587 1022 2810 1097 solum
2860 1020 3241 1098 conservari
3259 1080 3279 1109 ,
3341 1020 3465 1095 sed
3510 1020 3720 1095 etiam
3769 1019 4132 1118 paululum
4187 1024 4424 1122 augeri

1388 1147 1764 1241 potuerunt
1828 1164 2091 1215 musea.
2212 1141 2520 1242 Tempus
2585 1166 2746 1217 vero
2765 1202 2786 1232 ‚
2850 1143 3032 1218 intra
3095 1140 3295 1233 cuius
3364 1139 3618 1215 limites
3671 1138 4025 1214 contineor
4043 1198 4063 1229 ,
4113 1140 4276 1216 facit
4343 1150 4422 1217 ut

1388 1259 1619 1334 omnia
1668 1266 2045 1359 augmenta
2092 1257 2449 1335 enucleate
2497 1286 2838 1362 exponere
2885 1284 3026 1337 non
3072 1261 3355 1337 valeam.

1382 1408 1392 1413 ·
1484 1379 1919 1455 Bibliotheca
1985 1406 2149 1457 sane
2217 1381 2537 1480 angustis
2603 1382 2930 1456 subsidiis
2992 1380 3124 1455 hoc
3188 1403 3370 1455 anno
3431 1384 3744 1454 sustenta
3797 1386 3938 1467 est,
3921 1410 3936 1425 ·
4013 1378 4137 1452 sed
4202 1377 4422 1477 pietas

1386 1498 1584 1575 iubet
1636 1525 1776 1574 non
1830 1500 2151 1590 reticere,
2212 1526 2255 1575 a
2306 1500 2548 1576 multis
2597 1501 2781 1576 dono
2825 1508 3138 1601 acceptos
3185 1524 3336 1574 esse
3383 1497 3594 1573 libros
3649 1497 3902 1596 plures.
4003 1498 4416 1573 Praesertim

1386 1644 1769 1694 memorare
1801 1627 2072 1719 oportet
2102 1619 2584 1695 liberalitatem
2621 1620 2803 1695 senis
2839 1618 3219 1693 doctissimi
3259 1624 3332 1693 et
3364 1616 3664 1691 maxime
3705 1615 4074 1691 venerandi
4111 1617 4415 1707 Korra,-

1384 1738 1693 1837 itemque
1738 1740 2169 1815 eruditorum
2212 1739 2362 1813 eius
2410 1739 2752 1828 filiorum,
2797 1739 2872 1815 in
2915 1738 3145 1813 dando
3179 1736 3649 1835 manuscripto
3694 1736 4208 1834 antiquissimo,
4257 1762 4410 1838 pre-

1240 1868 1251 1885 ·
1385 1857 1798 1947 tiosissimO,
1856 1857 2113 1933 scilicet
2166 1856 2508 1933 Chronico
2563 1859 2852 1933 Emoms
2905 1865 2977 1933 et
3012 1859 3374 1945 Excoms,
3411 1854 3745 1930 abbatum
3797 1854 4030 1930 olim
4009 1881 4082 1930 m
4131 1856 4260 1933 bac
4309 1882 4414 1931 re-

1380 1975 1585 2073 gione
1633 1978 2067 2066 monasterii,
2118 1978 2307 2078 quod
2354 1980 2678 2053 Moridus
2725 1978 2992 2053 Hortus
3037 1976 3434 2053 vocabatur.

1478 2098 1937 2171 Accesserunt
1974 2096 2085 2171 his
2121 2096 2369 2199 diebus
2400 2096 2870 2196 manuscripta
2907 2096 3038 2172 tria
3074 2123 3116 2173 a
3151 2096 3375 2197 primo
3413 2100 3673 2170 rectore
3707 2070 4098 2171 academiae
4134 2104 4402 2173 nostrae

1378 2213 1719 2313 profecta,
1784 2214 1874 2289 ab
1942 2188 2243 2291 Unnos'n
2307 2219 2587 2292 Eumo,
2686 2217 2820 2292 Illa
2873 2216 3169 2317 scripta,
3235 2240 3416 2315 quae
3457 2214 3675 2288 instar
3731 2216 4088 2305 omnium,
4139 2241 4315 2316 quae
4362 2244 4404 2293 a

1376 2332 1521 2407 viro
1554 2333 1675 2408 illo
1714 2334 1967 2409 eximio
2008 2336 2100 2409 ad
2139 2361 2266 2410 nos
2302 2344 2800 2435 pervenerunt,
2847 2360 2958 2410 res
3001 2342 3167 2410 sunt
3203 2334 3406 2409 nobis
3450 2334 3982 2433 pretiosissimae
3999 2394 4020 2423 ,
4071 2336 4404 2411 debemus

1379 2450 1713 2551 singulari
1775 2452 2169 2527 liberalitati
2212 2453 2381 2528 civis
2426 2454 2978 2541 honoratissimi,
3026 2452 3152 2552 qui
3201 2451 3486 2551 stirpem
3539 2450 3628 2524 ab
3669 2450 3824 2550 ipso
3867 2452 4126 2526 Ειιιιιο
4179 2453 4407 2541 ducit,

1375 2570 1557 2643 senis
1622 2570 2027 2646 venerabilis
2046 2630 2065 2661 ,
2134 2571 2515 2647 medicinae
2581 2571 2943 2646 doctorum
3005 2570 3081 2643 in
3137 2568 3266 2645 hac
3321 2568 3496 2643 urbe
3545 2570 3837 2644 nestoris
3852 2629 3873 2660 ‚
3923 2570 4400 2648 Womnnam.

1373 2688 1649 2763 Gratias
1711 2715 1923 2787 quam
1986 2691 2319 2766 maximas
2386 2693 2660 2791 agimus
2721 2697 2875 2766 tum
2934 2689 3038 2763 illi
3091 2696 3246 2765 tum
3311 2688 3636 2763 omnibus
3657 2748 3678 2777 ,
3729 2691 3852 2789 qui
3903 2691 4244 2767 eiusmodi
4279 2700 4396 2767 'raa

1378 2807 1565 2882 tione
1617 2809 1941 2885 instituto
1984 2818 2221 2885 nostro
2267 2811 2697 2910 profuerunt.

1472 2926 1707 3001 Etiam
1744 2952 2069 3003 museum
2111 2929 2433 3005 historiae
2473 2930 2843 3020 naturalis,
2892 2931 3080 3029 quod
3119 2956 3162 3006 a
3197 2932 3575 3005 Munnzuo
3619 2938 3854 3006 nostro
3895 2916 4119 3034 magis
4156 2935 4408 3035 magis-

1374 3035 1509 3144 que
1565 3047 1655 3121 ad
1703 3072 1787 3121 an
1796 3056 2059 3123 atomes
2102 3057 2539 3150 comparatae
2591 3050 2821 3126 studia
2863 3038 3420 3125 accommodatur
3435 3107 3456 3138 ,
3504 3049 3687 3125 dono
3735 3052 4074 3152 locuplete
4121 3064 4407 3133 auctum

1372 3174 1498 3239 est.
1598 3166 2069 3243 Peritissimus
2118 3170 2373 3245 scilicet
2432 3171 2670 3246 JANUs
2710 3170 3056 3245 Olmones
3102 3192 3250 3257 uu
3293 3191 3438 3245 mm
3488 3170 3750 3246 Baomt
3815 3196 4055 3247 museo
4117 3156 4400 3249 donavit

1368 3284 1720 3359 collection
1728 3312 1840 3361 em
1899 3312 2127 3363 rerum
2192 3287 2283 3363 ab
2352 3288 2508 3389 ipso
2569 3294 3128 3390 praeparatarum
3148 3345 3170 3376 ,
3234 3287 3327 3363 ad
3377 3289 3620 3388 organi
3681 3288 3958 3365 auditus
4023 3301 4396 3369 anatomen

1366 3404 1884 3500 pertinentium.
1987 3407 2412 3509 Quicunque
2485 3409 2660 3485 tales
2717 3408 3064 3507 symbolas
3123 3406 3388 3483 confert
3447 3408 3878 3485 academicae
3941 3400 4402 3502 institutioni,

1366 3518 1429 3593 is
1477 3520 1780 3619 profecto
1829 3522 2090 3621 optime
2139 3534 2445 3600 meretur
2493 3526 2580 3601 de
2625 3525 2779 3626 ipsa
2821 3552 2897 3601 re
2943 3524 3243 3626 publica.

1468 3638 2010 3715 Memorandum
2066 3650 2418 3742 superest,
2485 3645 2676 3742 quod
2725 3670 2812 3719 ex
2865 3645 2991 3733 iis,
3041 3669 3220 3743 quae
3265 3668 3447 3720 anno
3491 3649 3838 3748 superiore
3889 3650 3982 3726 ad
4025 3652 4394 3751 amplifica-

1370 3756 1635 3831 tionem
1693 3758 2149 3835 institutionis
2207 3762 2636 3838 academicae
2697 3772 2863 3838 sunt
2919 3744 3268 3853 confecta,
3331 3767 3632 3842 maxime
3691 3778 3799 3843 est
3851 3770 4142 3883 insigne.
4237 3771 4387 3845 Iam

1374 3874 1690 3950 decessor
1732 3900 1935 3951 meus
1974 3878 2189 3969 dixit,
2251 3881 2674 3981 provinciam
2733 3890 2804 3957 et
2857 3882 3102 3957 urbem
3150 3883 3326 3959 hanc
3381 3886 3800 3961 coniunctim
3847 3890 3920 3963 in
3969 3914 4140 3963 novo
4194 3912 4390 3963 noso-

1370 3994 1593 4069 comio
1651 3996 2076 4075 aedificando
2122 4023 2401 4100 operam
2444 4026 2720 4102 ponere.
2817 4002 3002 4077 Mihi
3043 4003 3382 4140 contingit
3437 4005 3802 4083 vobiscum
3851 4008 4390 4095 communicare,

1368 4138 1623 4189 novum
1702 4116 2093 4193 aedificium
2164 4145 2313 4195 esse
2374 4122 2796 4220 perfectum,
2874 4121 3046 4221 quin
3113 4122 3252 4199 iam
3318 4125 3394 4199 in
3475 4150 3682 4203 usum
3747 4129 4258 4229 aegrotantium
4329 4136 4397 4203 et

1364 4234 1435 4307 in
1444 4234 1821 4309 stitutionis
1872 4237 2196 4312 medicae·
2232 4241 2552 4339 usurpari
2597 4249 2922 4340 coeptum
2937 4296 2958 4313 .
2978 4266 3148 4319 esse.
3246 4243 3442 4319 Licet
3483 4246 3699 4347 igitur
3743 4248 4042 4347 regionis
4085 4254 4157 4322 et
4207 4247 4395 4321 urbis

1364 4354 1633 4429 civibus
1697 4355 1977 4455 gloriari
2044 4382 2223 4433 novo
2289 4360 2552 4460 templo
2603 4360 2932 4436 doctrinis
2987 4370 3059 4436 et
3118 4362 3536 4441 humanitati
3597 4367 3822 4443 dicato
3836 4428 3856 4457 ‚
3923 4366 4114 4467 quod
4187 4366 4393 4441 simul

1366 4482 1899 4550 monumentum
1932 4484 2071 4566 est,
2116 4502 2327 4575 quam
2367 4478 2757 4554 admirabili
2783 4503 3137 4561 consensu
3171 4484 3566 4584 conspirent
3605 4488 3676 4561 in
3719 4486 4186 4563 laudabilibus
4237 4485 4386 4584 qui·

1363 4590 1603 4665 busvis
1668 4594 1875 4669 rebus
1934 4598 2438 4695 promovendis.
2538 4600 2848 4675 Pertinet
2903 4602 3035 4677 boc
3089 4627 3369 4703 quoque
3427 4606 3520 4680 ad
3573 4607 3722 4681 eius
3742 4666 3762 4695 ‚
3813 4607 4004 4706 quod
4059 4606 4348 4680 vivimus
4364 4664 4384 4692 ,

1361 4709 1512 4783 aevi
1568 4709 1986 4789 felicitatem.
2084 4719 2275 4792 Ante
2339 4718 2468 4821 hos
2528 4719 3036 4822 quinquaginta
3107 4747 3324 4799 annos
3379 4725 3850 4801 nosocomium
3917 4716 4386 4801 academicum

1361 4828 1485 4903 hic·
1539 4834 1684 4904 erat
1752 4830 2064 4925 nullum;
2135 4835 2341 4913 hodie
2405 4837 2755 4917 academia
2811 4841 3130 4945 possidet·
3179 4842 3566 4921 aedificium
3627 4845 3936 4945 amplum
3997 4854 4066 4919 et
4122 4852 4387 4944 aptum·
