4967 6217
1556 690 1942 757 SERIES
2033 686 2689 758 LEGTIONUM.
3512 692 3639 760 185
3768 686 3773 691 ’

705 894 891 969 Cum
954 896 1290 969 veteranis
1363 895 1700 997 principia
1755 895 1926 971 iuris
1991 896 2289 995 publici,
2355 897 2620 995 prolata
2669 898 2758 974 ab
2808 896 2895 971 iis
2914 954 2933 985 ,
2984 920 3281 995 quorum
3325 895 3633 972 animad-

605 1014 948 1089 versiones
1009 1023 1283 1090 exstant
1342 1016 1418 1091 in
1476 1015 1802 1116 operibus
1869 1016 2360 1115 Handelinyen-
2410 1042 2543 1089 van
2586 1018 2671 1091 de
2714 1017 3060 1117 Reyevinq
3098 1042 3182 1090 en
3224 1018 3309 1090 de
3354 1018 3629 1090 Stalen-

611 1136 960 1211 Generaal
1013 1160 1170 1211 over
1220 1139 1306 1211 de
1359 1136 1744 1235 herzieniny
1791 1135 1916 1210 der
1963 1136 2357 1223 Grondwet,
2405 1136 2463 1210 ἐ
2494 1138 2936 1236 Gravenltaqe
2952 1194 2973 1224 ,
3027 1138 3213 1209 1841
3242 1192 3261 1223 ,
3310 1134 3417 1207 IV
3482 1137 3631 1211 Vol.

609 1254 796 1327 1848
815 1312 839 1342 ,
887 1254 1007 1327 111
1068 1256 1218 1331 ποι.
1290 1234 1772 1355 Ηαηᾱεῖῑψη
1815 1280 1972 1330 over
2019 1256 2104 1330 de
2158 1246 2553 1329 voors‘teaen
2602 1264 2710 1329 ter
2762 1257 3148 1356 amieniny
3198 1258 3322 1331 der
3371 1258 3679 1330 arona.

603 1380 734 1449 wet
751 1430 773 1461 ‚
820 1374 860 1447 I
915 1374 1063 1450 Vol.
1133 1376 1190 1449 ’8
1218 1374 1698 1473 G-ravenhaye,
1751 1372 2084 1448 1844—6
2105 1432 2126 1463 ,
2174 1374 2264 1449 ad
2305 1382 2739 1473 praesentem
2784 1375 2993 1449 huius
3033 1374 3430 1474 disciplinae
3473 1400 3633 1451 con·

601 1489 937 1567 ditionem
971 1493 1201 1593 exiget
1217 1551 1240 1584 ,
1291 1492 1506 1569 semel
1537 1517 1662 1593 per
1700 1491 1972 1568 dierum
1995 1492 2499 1575 hebdomadem
2516 1551 2535 1580 ,
2585 1492 2753 1568 hora
2784 1493 3213 1569 auditoribus
3250 1495 3631 1572 commoda.

698 1611 901 1688 Idem
965 1612 1213 1689 iisdem
1280 1612 1602 1689 lubenter
1670 1637 1895 1689 unum
1956 1612 2336 1687 alterumve
2399 1612 2784 1711 graviorem
2830 1612 3265 1689 oeconomiae
3308 1612 3625 1713 politicae

599 1733 828 1808 locum
897 1757 964 1809 v,
1015 1758 1075 1810 c.
1149 1735 1236 1809 de
1306 1734 1583 1811 tributis
1639 1741 1713 1809 et
1767 1734 2238 1833 mapalibus,
2299 1731 2527 1808 fusius
2590 1740 2928 1832 exponet,
2985 1734 3153 1810 hora
3210 1740 3369 1833 post
3426 1732 3630 1809 ferias

537 1837 545 1845 ’
596 1851 1098 1930 constituenda.

691 2082 1303 2184 Disputationibus
1365 2083 1670 2187 publicis
1717 2093 1791 2161 et
1836 2084 2121 2187 privatis
2168 2084 2489 2161 lubenter
2532 2092 2901 2185 praeerunt
2944 2084 3129 2161 Iuris
3174 2082 3619 2160 Professores.

687 2583 1123 2657 Gummmus
1197 2580 1556 2671 Hzcnn,
1630 2582 2140 2685 Paedagogices
2203 2584 2493 2673 Lector,
2566 2583 2814 2659 diebus
2882 2584 3125 2659 Lunae
3194 2592 3265 2658 et
3339 2586 3585 2661 Martis
3604 2644 3626 2675 ‚

589 2697 756 2773 hora
826 2699 865 2772 I
889 2756 920 2800 ,⁶
994 2699 1386 2775 Literarum
1468 2701 1898 2802 aliarumque
1987 2698 2506 2805 disciplinarum
2585 2703 2911 2780 studiosis
2985 2705 3325 2781 elementa
3399 2704 3625 2782 tradet

593 2817 1099 2919 Paedaqoyices
1117 2877 1140 2910 ‚
1191 2822 1577 2901 dediecendi
1626 2825 2032 2925 docendique
2075 2825 2378 2901 methodo
2421 2830 2787 2927 praecepta
2832 2822 3048 2902 dabit.

3126 4960 3223 5032 24
