<?xml version="1.0" encoding="UTF-8"?>
<!DOCTYPE html PUBLIC "-//W3C//DTD XHTML 1.0 Transitional//EN"
    "http://www.w3.org/TR/xhtml1/DTD/xhtml1-transitional.dtd">
<html xmlns="http://www.w3.org/1999/xhtml" xml:lang="en" lang="en">
 <head>
  <title>
</title>
<meta http-equiv="Content-Type" content="text/html;charset=utf-8" />
  <meta name='ocr-system' content='tesseract 3.04.00' />
  <meta name='ocr-capabilities' content='ocr_page ocr_carea ocr_par ocr_line ocrx_word'/>
</head>
<body>
  <div class='ocr_page' id='page_1' title='image "annalesacademic24unkngoog_0036.png"; bbox 0 0 4967 6217; ppageno 0'>
   <div class='ocr_carea' id='block_1_1' title="bbox 1459 680 3498 753">
    <p class='ocr_par' dir='ltr' id='par_1_1' title="bbox 1459 680 3498 753">
     <span class='ocr_line' id='line_1_1' title="bbox 1459 680 3498 753; baseline -0.002 -1"><span class='ocrx_word' id='word_1_1' title='bbox 1459 685 1544 753; x_wconf 77' lang='lat'><strong>26</strong></span> <span class='ocrx_word' id='word_1_2' title='bbox 2433 680 2762 753; x_wconf 71' lang='lat' dir='ltr'><strong>NICOLAI</strong></span> <span class='ocrx_word' id='word_1_3' title='bbox 2804 680 3267 753; x_wconf 72' lang='lat' dir='ltr'><strong>cumsrum</strong></span> <span class='ocrx_word' id='word_1_4' title='bbox 3308 681 3498 747; x_wconf 80' lang='lat' dir='ltr'><strong>Kls&#39;r</strong></span> 
     </span>
    </p>
   </div>
   <div class='ocr_carea' id='block_1_2' title="bbox 1339 884 4483 1589">
    <p class='ocr_par' dir='ltr' id='par_1_2' title="bbox 1339 884 4483 1589">
     <span class='ocr_line' id='line_1_2' title="bbox 1459 884 4478 986; baseline 0.001 -19"><span class='ocrx_word' id='word_1_5' title='bbox 1459 890 1754 967; x_wconf 88' lang='lat' dir='ltr'><strong>ticorum</strong></span> <span class='ocrx_word' id='word_1_6' title='bbox 1821 888 2061 963; x_wconf 87' lang='lat' dir='ltr'><strong>litibus</strong></span> <span class='ocrx_word' id='word_1_7' title='bbox 2130 910 2400 986; x_wconf 80' lang='lat' dir='ltr'>semper</span> <span class='ocrx_word' id='word_1_8' title='bbox 2469 886 2913 965; x_wconf 72' lang='lat' dir='ltr'><strong>infructuosis</strong></span> <span class='ocrx_word' id='word_1_9' title='bbox 2934 944 2955 976; x_wconf 87' lang='lat'>‚</span> <span class='ocrx_word' id='word_1_10' title='bbox 3028 885 3345 963; x_wconf 89' lang='lat' dir='ltr'><strong>omnium</strong></span> <span class='ocrx_word' id='word_1_11' title='bbox 3416 884 3692 963; x_wconf 84' lang='lat' dir='ltr'><strong>Christo</strong></span> <span class='ocrx_word' id='word_1_12' title='bbox 3756 884 3973 967; x_wconf 81' lang='lat' dir='ltr'><strong>fidem</strong></span> <span class='ocrx_word' id='word_1_13' title='bbox 4040 886 4443 971; x_wconf 81' lang='lat' dir='ltr'><strong>habentium</strong></span> <span class='ocrx_word' id='word_1_14' title='bbox 4456 951 4478 981; x_wconf 88' lang='lat'>‚</span> 
     </span>
     <span class='ocr_line' id='line_1_3' title="bbox 1461 1000 4483 1106; baseline 0.001 -23"><span class='ocrx_word' id='word_1_15' title='bbox 1461 1032 1885 1106; x_wconf 87' lang='lat' dir='ltr'><strong>quamquam</strong></span> <span class='ocrx_word' id='word_1_16' title='bbox 1946 1030 2084 1083; x_wconf 89' lang='lat' dir='ltr'><strong>non</strong></span> <span class='ocrx_word' id='word_1_17' title='bbox 2141 1030 2282 1081; x_wconf 86' lang='lat' dir='ltr'><strong>una</strong></span> <span class='ocrx_word' id='word_1_18' title='bbox 2325 1030 2525 1081; x_wconf 90' lang='lat' dir='ltr'><strong>mens</strong></span> <span class='ocrx_word' id='word_1_19' title='bbox 2570 1013 2781 1105; x_wconf 79' lang='lat' dir='ltr'><strong>atque</strong></span> <span class='ocrx_word' id='word_1_20' title='bbox 2805 1000 3167 1083; x_wconf 78' lang='lat' dir='ltr'><strong>&#39;sententia</strong></span> <span class='ocrx_word' id='word_1_21' title='bbox 3189 1063 3210 1095; x_wconf 86' lang='lat'>‚</span> <span class='ocrx_word' id='word_1_22' title='bbox 3258 1011 3493 1081; x_wconf 82' lang='lat' dir='ltr'><strong>tamen</strong></span> <span class='ocrx_word' id='word_1_23' title='bbox 3542 1028 3765 1081; x_wconf 87' lang='lat' dir='ltr'><strong>unum</strong></span> <span class='ocrx_word' id='word_1_24' title='bbox 3808 1004 3941 1081; x_wconf 82' lang='lat' dir='ltr'><strong>erit</strong></span> <span class='ocrx_word' id='word_1_25' title='bbox 3984 1029 4101 1081; x_wconf 87' lang='lat' dir='ltr'><strong>cor</strong></span> <span class='ocrx_word' id='word_1_26' title='bbox 4144 1014 4215 1083; x_wconf 90' lang='lat' dir='ltr'><strong>et</strong></span> <span class='ocrx_word' id='word_1_27' title='bbox 4253 1008 4483 1087; x_wconf 77' lang='lat' dir='ltr'><strong>anima</strong></span> 
     </span>
     <span class='ocr_line' id='line_1_4' title="bbox 1462 1122 4483 1222; baseline -0.001 -20"><span class='ocrx_word' id='word_1_28' title='bbox 1462 1150 1634 1215; x_wconf 83' lang='lat' dir='ltr'><strong>una3</strong></span> <span class='ocrx_word' id='word_1_29' title='bbox 1705 1126 1868 1214; x_wconf 90' lang='lat' dir='ltr'><strong>ubi,</strong></span> <span class='ocrx_word' id='word_1_30' title='bbox 1934 1124 2227 1199; x_wconf 89' lang='lat' dir='ltr'><strong>Divinae</strong></span> <span class='ocrx_word' id='word_1_31' title='bbox 2291 1124 2597 1199; x_wconf 85' lang='lat' dir='ltr'><strong>veritatis</strong></span> <span class='ocrx_word' id='word_1_32' title='bbox 2646 1127 2879 1200; x_wconf 91' lang='lat' dir='ltr'><strong>studio</strong></span> <span class='ocrx_word' id='word_1_33' title='bbox 2941 1132 3013 1199; x_wconf 89' lang='lat' dir='ltr'><strong>et</strong></span> <span class='ocrx_word' id='word_1_34' title='bbox 3068 1124 3457 1222; x_wconf 71' lang='lat' dir='ltr'><strong>cognitione</strong></span> <span class='ocrx_word' id='word_1_35' title='bbox 3504 1122 3973 1200; x_wconf 75' lang='lat' dir='ltr'><strong>crescentibus</strong></span> <span class='ocrx_word' id='word_1_36' title='bbox 3990 1180 4015 1211; x_wconf 89' lang='lat'><em>,</em></span> <span class='ocrx_word' id='word_1_37' title='bbox 4060 1124 4483 1207; x_wconf 84' lang='lat' dir='ltr'><strong>incrementa</strong></span> 
     </span>
     <span class='ocr_line' id='line_1_5' title="bbox 1461 1242 4479 1343; baseline -0 -23"><span class='ocrx_word' id='word_1_38' title='bbox 1461 1246 1760 1321; x_wconf 83' lang='lat' dir='ltr'><strong>maxime</strong></span> <span class='ocrx_word' id='word_1_39' title='bbox 1824 1242 2049 1343; x_wconf 82' lang='lat' dir='ltr'><strong>capiet</strong></span> <span class='ocrx_word' id='word_1_40' title='bbox 2109 1242 2284 1331; x_wconf 90' lang='lat' dir='ltr'><strong>Dei,</strong></span> <span class='ocrx_word' id='word_1_41' title='bbox 2349 1243 2612 1319; x_wconf 83' lang='lat' dir='ltr'><strong>Christi</strong></span> <span class='ocrx_word' id='word_1_42' title='bbox 2674 1250 2885 1342; x_wconf 86' lang='lat' dir='ltr'><strong>atque</strong></span> <span class='ocrx_word' id='word_1_43' title='bbox 2950 1243 3313 1319; x_wconf 90' lang='lat' dir='ltr'><strong>hominum</strong></span> <span class='ocrx_word' id='word_1_44' title='bbox 3376 1265 3607 1331; x_wconf 60' lang='lat' dir='ltr'><strong>amon</strong></span> <span class='ocrx_word' id='word_1_45' title='bbox 3678 1266 3973 1340; x_wconf 85' lang='lat' dir='ltr'><strong>eamque</strong></span> <span class='ocrx_word' id='word_1_46' title='bbox 4030 1243 4141 1319; x_wconf 89' lang='lat' dir='ltr'><strong>sui</strong></span> <span class='ocrx_word' id='word_1_47' title='bbox 4192 1245 4479 1323; x_wconf 83' lang='lat' dir='ltr'><strong>tandem</strong></span> 
     </span>
     <span class='ocr_line' id='line_1_6' title="bbox 1339 1360 4478 1459; baseline 0.002 -21"><span class='ocrx_word' id='word_1_48' title='bbox 1339 1408 1347 1414; x_wconf 93' lang='lat'><em>-</em></span> <span class='ocrx_word' id='word_1_49' title='bbox 1462 1362 1724 1439; x_wconf 88' lang='lat' dir='ltr'><strong>videbit</strong></span> <span class='ocrx_word' id='word_1_50' title='bbox 1771 1363 2031 1441; x_wconf 82' lang='lat' dir='ltr'><strong>Christi</strong></span> <span class='ocrx_word' id='word_1_51' title='bbox 2077 1362 2151 1437; x_wconf 90' lang='lat' dir='ltr'><strong>in</strong></span> <span class='ocrx_word' id='word_1_52' title='bbox 2192 1362 2392 1437; x_wconf 87' lang='lat' dir='ltr'><strong>terris</strong></span> <span class='ocrx_word' id='word_1_53' title='bbox 2431 1362 2739 1441; x_wconf 77' lang='lat' dir='ltr'><strong>Ecclesia</strong></span> <span class='ocrx_word' id='word_1_54' title='bbox 2784 1363 3335 1439; x_wconf 82' lang='lat' dir='ltr'><strong>reformationem</strong></span> <span class='ocrx_word' id='word_1_55' title='bbox 3352 1418 3373 1450; x_wconf 87' lang='lat'>‚</span> <span class='ocrx_word' id='word_1_56' title='bbox 3422 1386 3563 1459; x_wconf 83' lang='lat' dir='ltr'><strong>qua</strong></span> <span class='ocrx_word' id='word_1_57' title='bbox 3602 1362 3760 1449; x_wconf 86' lang='lat' dir='ltr'><strong>fiat,</strong></span> <span class='ocrx_word' id='word_1_58' title='bbox 3808 1366 3893 1437; x_wconf 90' lang='lat' dir='ltr'><strong>ut</strong></span> <span class='ocrx_word' id='word_1_59' title='bbox 3930 1360 4478 1443; x_wconf 84' lang='lat' dir='ltr'><strong>Christianorum</strong></span> 
     </span>
     <span class='ocr_line' id='line_1_7' title="bbox 1460 1478 4475 1589; baseline 0 -32"><span class='ocrx_word' id='word_1_60' title='bbox 1460 1482 1600 1559; x_wconf 84' lang='lat' dir='ltr'><strong>vita</strong></span> <span class='ocrx_word' id='word_1_61' title='bbox 1633 1489 1870 1589; x_wconf 78' lang='lat' dir='ltr'><strong>sancta</strong></span> <span class='ocrx_word' id='word_1_62' title='bbox 1901 1482 2092 1581; x_wconf 88' lang='lat' dir='ltr'><strong>apud</strong></span> <span class='ocrx_word' id='word_1_63' title='bbox 2125 1504 2364 1555; x_wconf 89' lang='lat' dir='ltr'><strong>omnes</strong></span> <span class='ocrx_word' id='word_1_64' title='bbox 2385 1480 2681 1559; x_wconf 85' lang='lat' dir='ltr'><strong>Divinae</strong></span> <span class='ocrx_word' id='word_1_65' title='bbox 2711 1481 3093 1581; x_wconf 80' lang='lat' dir='ltr'><strong>Religionis</strong></span> <span class='ocrx_word' id='word_1_66' title='bbox 3128 1481 3221 1557; x_wconf 89' lang='lat' dir='ltr'><strong>sit</strong></span> <span class='ocrx_word' id='word_1_67' title='bbox 3248 1478 3565 1581; x_wconf 85' lang='lat' dir='ltr'><strong>probatio</strong></span> <span class='ocrx_word' id='word_1_68' title='bbox 3601 1486 3813 1578; x_wconf 87' lang='lat' dir='ltr'><strong>atque</strong></span> <span class='ocrx_word' id='word_1_69' title='bbox 3849 1478 4156 1560; x_wconf 80' lang='lat' dir='ltr'><strong>defensio</strong></span> <span class='ocrx_word' id='word_1_70' title='bbox 4184 1483 4475 1583; x_wconf 84' lang='lat' dir='ltr'><strong>optima!</strong></span> 
     </span>
    </p>
   </div>
   <div class='ocr_carea' id='block_1_3' title="bbox 1436 2190 4479 4400">
    <p class='ocr_par' dir='ltr' id='par_1_3' title="bbox 1445 2190 4479 2883">
     <span class='ocr_line' id='line_1_8' title="bbox 1553 2190 4477 2296; baseline -0.001 -24"><span class='ocrx_word' id='word_1_71' title='bbox 1553 2200 1919 2296; x_wconf 83' lang='lat' dir='ltr'><strong>Superest,</strong></span> <span class='ocrx_word' id='word_1_72' title='bbox 1998 2193 2513 2275; x_wconf 81' lang='lat' dir='ltr'><strong>Humanissimi</strong></span> <span class='ocrx_word' id='word_1_73' title='bbox 2580 2194 2995 2271; x_wconf 86' lang='lat' dir='ltr'><strong>Auditores!</strong></span> <span class='ocrx_word' id='word_1_74' title='bbox 3088 2198 3171 2267; x_wconf 88' lang='lat' dir='ltr'><strong>ut</strong></span> <span class='ocrx_word' id='word_1_75' title='bbox 3259 2198 3609 2295; x_wconf 79' lang='lat' dir='ltr'><strong>postrema</strong></span> <span class='ocrx_word' id='word_1_76' title='bbox 3688 2191 3995 2269; x_wconf 87' lang='lat' dir='ltr'><strong>muneris</strong></span> <span class='ocrx_word' id='word_1_77' title='bbox 4078 2190 4219 2267; x_wconf 87' lang='lat' dir='ltr'><strong>mei</strong></span> <span class='ocrx_word' id='word_1_78' title='bbox 4284 2200 4477 2295; x_wconf 83' lang='lat' dir='ltr'><strong>parte</strong></span> 
     </span>
     <span class='ocr_line' id='line_1_9' title="bbox 1454 2309 4479 2413; baseline 0 -24"><span class='ocrx_word' id='word_1_79' title='bbox 1454 2314 1831 2413; x_wconf 86' lang='lat' dir='ltr'><strong>defungar,</strong></span> <span class='ocrx_word' id='word_1_80' title='bbox 1877 2336 2042 2387; x_wconf 91' lang='lat' dir='ltr'><strong>cum</strong></span> <span class='ocrx_word' id='word_1_81' title='bbox 2095 2309 2604 2385; x_wconf 80' lang='lat' dir='ltr'><strong>vicissitudines</strong></span> <span class='ocrx_word' id='word_1_82' title='bbox 2634 2309 3271 2398; x_wconf 82' lang='lat' dir='ltr'><strong>commemorando,</strong></span> <span class='ocrx_word' id='word_1_83' title='bbox 3320 2334 3495 2407; x_wconf 81' lang='lat' dir='ltr'><strong>quas</strong></span> <span class='ocrx_word' id='word_1_84' title='bbox 3538 2309 3671 2385; x_wconf 70' lang='lat' dir='ltr'><strong>hoc</strong></span> <span class='ocrx_word' id='word_1_85' title='bbox 3695 2367 3716 2398; x_wconf 82' lang='lat'>,</span> <span class='ocrx_word' id='word_1_86' title='bbox 3764 2334 3879 2385; x_wconf 88' lang='lat' dir='ltr'><strong>me</strong></span> <span class='ocrx_word' id='word_1_87' title='bbox 3918 2311 4248 2399; x_wconf 73' lang='lat' dir='ltr'><strong>Rectum,</strong></span> <span class='ocrx_word' id='word_1_88' title='bbox 4298 2336 4479 2389; x_wconf 83' lang='lat' dir='ltr'><strong>anno</strong></span> 
     </span>
     <span class='ocr_line' id='line_1_10' title="bbox 1447 2428 4469 2529; baseline -0.001 -22"><span class='ocrx_word' id='word_1_89' title='bbox 1447 2432 1827 2507; x_wconf 86' lang='lat' dir='ltr'><strong>Academia</strong></span> <span class='ocrx_word' id='word_1_90' title='bbox 1891 2430 2106 2518; x_wconf 87' lang='lat' dir='ltr'><strong>vidit,</strong></span> <span class='ocrx_word' id='word_1_91' title='bbox 2169 2436 2323 2507; x_wconf 86' lang='lat' dir='ltr'><strong>tum</strong></span> <span class='ocrx_word' id='word_1_92' title='bbox 2385 2430 2781 2529; x_wconf 87' lang='lat' dir='ltr'><strong>peragendo</strong></span> <span class='ocrx_word' id='word_1_93' title='bbox 2838 2454 3017 2527; x_wconf 90' lang='lat' dir='ltr'><strong>quae</strong></span> <span class='ocrx_word' id='word_1_94' title='bbox 3070 2430 3289 2505; x_wconf 85' lang='lat' dir='ltr'><strong>festus</strong></span> <span class='ocrx_word' id='word_1_95' title='bbox 3336 2428 3528 2503; x_wconf 90' lang='lat' dir='ltr'><strong>hicce</strong></span> <span class='ocrx_word' id='word_1_96' title='bbox 3580 2428 3729 2504; x_wconf 90' lang='lat' dir='ltr'><strong>dies</strong></span> <span class='ocrx_word' id='word_1_97' title='bbox 3771 2429 4103 2508; x_wconf 80' lang='lat' dir='ltr'><strong>solemnia</strong></span> <span class='ocrx_word' id='word_1_98' title='bbox 4146 2430 4469 2528; x_wconf 84' lang='lat' dir='ltr'><strong>postulat.</strong></span> 
     </span>
     <span class='ocr_line' id='line_1_11' title="bbox 1447 2546 4475 2649; baseline -0 -25"><span class='ocrx_word' id='word_1_99' title='bbox 1447 2551 1841 2649; x_wconf 55' lang='lat' dir='ltr'><strong>Utrumwe</strong></span> <span class='ocrx_word' id='word_1_100' title='bbox 1877 2556 2112 2625; x_wconf 86' lang='lat' dir='ltr'><strong>autem</strong></span> <span class='ocrx_word' id='word_1_101' title='bbox 2144 2574 2187 2624; x_wconf 88' lang='lat' dir='ltr'><strong>a</strong></span> <span class='ocrx_word' id='word_1_102' title='bbox 2221 2574 2336 2623; x_wconf 89' lang='lat' dir='ltr'><strong>me</strong></span> <span class='ocrx_word' id='word_1_103' title='bbox 2373 2548 2645 2625; x_wconf 87' lang='lat' dir='ltr'><strong>dicente</strong></span> <span class='ocrx_word' id='word_1_104' title='bbox 2686 2548 3021 2648; x_wconf 83' lang='lat' dir='ltr'><strong>vobisque</strong></span> <span class='ocrx_word' id='word_1_105' title='bbox 3061 2546 3507 2624; x_wconf 80' lang='lat' dir='ltr'><strong>audientibus</strong></span> <span class='ocrx_word' id='word_1_106' title='bbox 3544 2547 3780 2622; x_wconf 79' lang='lat' dir='ltr'><strong>vultus</strong></span> <span class='ocrx_word' id='word_1_107' title='bbox 3816 2548 4069 2625; x_wconf 76' lang='lat' dir='ltr'><strong>hilares</strong></span> <span class='ocrx_word' id='word_1_108' title='bbox 4105 2556 4475 2648; x_wconf 76' lang='lat' dir='ltr'><strong>gratosque</strong></span> 
     </span>
     <span class='ocr_line' id='line_1_12' title="bbox 1445 2665 4475 2779; baseline 0 -33"><span class='ocrx_word' id='word_1_109' title='bbox 1445 2671 1599 2747; x_wconf 91' lang='lat' dir='ltr'><strong>Deo</strong></span> <span class='ocrx_word' id='word_1_110' title='bbox 1654 2669 1920 2743; x_wconf 88' lang='lat' dir='ltr'><strong>animos</strong></span> <span class='ocrx_word' id='word_1_111' title='bbox 1974 2691 2251 2779; x_wconf 80' lang='lat' dir='ltr'><strong>poscere</strong></span> <span class='ocrx_word' id='word_1_112' title='bbox 2271 2724 2292 2755; x_wconf 90' lang='lat'>‚</span> <span class='ocrx_word' id='word_1_113' title='bbox 2353 2665 2432 2739; x_wconf 89' lang='lat' dir='ltr'><strong>id</strong></span> <span class='ocrx_word' id='word_1_114' title='bbox 2492 2668 2778 2765; x_wconf 89' lang='lat' dir='ltr'><strong>quidem</strong></span> <span class='ocrx_word' id='word_1_115' title='bbox 2836 2667 2913 2743; x_wconf 90' lang='lat' dir='ltr'><strong>in</strong></span> <span class='ocrx_word' id='word_1_116' title='bbox 2970 2668 3124 2768; x_wconf 90' lang='lat' dir='ltr'><strong>ipso</strong></span> <span class='ocrx_word' id='word_1_117' title='bbox 3172 2666 3316 2741; x_wconf 88' lang='lat' dir='ltr'><strong>iam</strong></span> <span class='ocrx_word' id='word_1_118' title='bbox 3356 2666 3684 2757; x_wconf 78' lang='lat' dir='ltr'><strong>orationis</strong></span> <span class='ocrx_word' id='word_1_119' title='bbox 3728 2665 3969 2743; x_wconf 90' lang='lat' dir='ltr'><strong>limine</strong></span> <span class='ocrx_word' id='word_1_120' title='bbox 4014 2666 4201 2755; x_wconf 87' lang='lat' dir='ltr'><strong>dixi,</strong></span> <span class='ocrx_word' id='word_1_121' title='bbox 4248 2690 4475 2747; x_wconf 73' lang='lat' dir='ltr'><strong>meam</strong></span> 
     </span>
     <span class='ocr_line' id='line_1_13' title="bbox 1445 2784 2504 2883; baseline -0.002 -24"><span class='ocrx_word' id='word_1_122' title='bbox 1445 2786 1576 2861; x_wconf 86' lang='lat' dir='ltr'><strong>hoe</strong></span> <span class='ocrx_word' id='word_1_123' title='bbox 1623 2785 1738 2859; x_wconf 86' lang='lat' dir='ltr'><strong>die</strong></span> <span class='ocrx_word' id='word_1_124' title='bbox 1783 2784 2182 2859; x_wconf 83' lang='lat' dir='ltr'><strong>felicitatem</strong></span> <span class='ocrx_word' id='word_1_125' title='bbox 2228 2807 2504 2883; x_wconf 89' lang='lat' dir='ltr'><strong>augere.</strong></span> 
     </span>
    </p>

    <p class='ocr_par' dir='ltr' id='par_1_4' title="bbox 1436 2884 4475 4400">
     <span class='ocr_line' id='line_1_14' title="bbox 1541 2884 4475 3003; baseline 0 -24"><span class='ocrx_word' id='word_1_126' title='bbox 1541 2904 1636 2979; x_wconf 86' lang='lat' dir='ltr'><strong>Et</strong></span> <span class='ocrx_word' id='word_1_127' title='bbox 1693 2903 1930 2977; x_wconf 86' lang='lat' dir='ltr'><strong>statim</strong></span> <span class='ocrx_word' id='word_1_128' title='bbox 1989 2902 2378 2977; x_wconf 88' lang='lat' dir='ltr'><strong>Illustrium</strong></span> <span class='ocrx_word' id='word_1_129' title='bbox 2437 2901 2647 2979; x_wconf 89' lang='lat' dir='ltr'><strong>huius</strong></span> <span class='ocrx_word' id='word_1_130' title='bbox 2701 2884 3119 2989; x_wconf 81' lang='lat' dir='ltr'><strong>Academiae</strong></span> <span class='ocrx_word' id='word_1_131' title='bbox 3169 2902 3587 2983; x_wconf 71' lang='lat' dir='ltr'><strong>auratorum</strong></span> <span class='ocrx_word' id='word_1_132' title='bbox 3626 2909 3826 3002; x_wconf 84' lang='lat' dir='ltr'><strong>grata</strong></span> <span class='ocrx_word' id='word_1_133' title='bbox 3868 2902 4058 2981; x_wconf 84' lang='lat' dir='ltr'><strong>subit</strong></span> <span class='ocrx_word' id='word_1_134' title='bbox 4098 2903 4475 3003; x_wconf 82' lang='lat' dir='ltr'><strong>gaudiique</strong></span> 
     </span>
     <span class='ocr_line' id='line_1_15' title="bbox 1445 3018 4471 3119; baseline 0.004 -23"><span class='ocrx_word' id='word_1_135' title='bbox 1445 3022 1648 3119; x_wconf 84' lang='lat' dir='ltr'><strong>plena</strong></span> <span class='ocrx_word' id='word_1_136' title='bbox 1683 3020 2009 3119; x_wconf 87' lang='lat' dir='ltr'><strong>cogitatio</strong></span> <span class='ocrx_word' id='word_1_137' title='bbox 2047 3019 2388 3106; x_wconf 87' lang='lat' dir='ltr'><strong>animum,</strong></span> <span class='ocrx_word' id='word_1_138' title='bbox 2439 3044 2613 3117; x_wconf 93' lang='lat' dir='ltr'><strong>quos</strong></span> <span class='ocrx_word' id='word_1_139' title='bbox 2648 3018 2978 3096; x_wconf 85' lang='lat' dir='ltr'><strong>nimirum</strong></span> <span class='ocrx_word' id='word_1_140' title='bbox 3015 3028 3089 3096; x_wconf 87' lang='lat' dir='ltr'><strong>et</strong></span> <span class='ocrx_word' id='word_1_141' title='bbox 3134 3020 3315 3097; x_wconf 78' lang='lat' dir='ltr'><strong>vitae</strong></span> <span class='ocrx_word' id='word_1_142' title='bbox 3347 3045 3589 3101; x_wconf 88' lang='lat' dir='ltr'><strong>omnes</strong></span> <span class='ocrx_word' id='word_1_143' title='bbox 3624 3033 3697 3097; x_wconf 87' lang='lat' dir='ltr'><strong>et</strong></span> <span class='ocrx_word' id='word_1_144' title='bbox 3733 3048 3891 3101; x_wconf 81' lang='lat' dir='ltr'><strong>vero</strong></span> <span class='ocrx_word' id='word_1_145' title='bbox 3928 3023 4137 3102; x_wconf 83' lang='lat' dir='ltr'><strong>rebus</strong></span> <span class='ocrx_word' id='word_1_146' title='bbox 4174 3024 4431 3107; x_wconf 71' lang='lat' dir='ltr'><strong>nostris</strong></span> <span class='ocrx_word' id='word_1_147' title='bbox 4450 3080 4471 3112; x_wconf 83' lang='lat'>‚</span> 
     </span>
     <span class='ocr_line' id='line_1_16' title="bbox 1443 3129 4473 3239; baseline -0.004 -24"><span class='ocrx_word' id='word_1_148' title='bbox 1443 3140 1554 3216; x_wconf 86' lang='lat' dir='ltr'><strong>uti</strong></span> <span class='ocrx_word' id='word_1_149' title='bbox 1621 3129 1843 3214; x_wconf 82' lang='lat' dir='ltr'><strong>solent</strong></span> <span class='ocrx_word' id='word_1_150' title='bbox 1861 3197 1883 3227; x_wconf 88' lang='lat'>‚</span> <span class='ocrx_word' id='word_1_151' title='bbox 1957 3144 2234 3213; x_wconf 83' lang='lat' dir='ltr'><strong>strenue</strong></span> <span class='ocrx_word' id='word_1_152' title='bbox 2299 3136 2778 3235; x_wconf 81' lang='lat' dir='ltr'><strong>invigilandis,</strong></span> <span class='ocrx_word' id='word_1_153' title='bbox 2857 3162 2900 3212; x_wconf 84' lang='lat' dir='ltr'><strong>a</strong></span> <span class='ocrx_word' id='word_1_154' title='bbox 2968 3138 3121 3213; x_wconf 90' lang='lat' dir='ltr'><strong>Deo</strong></span> <span class='ocrx_word' id='word_1_155' title='bbox 3192 3148 3492 3217; x_wconf 85' lang='lat' dir='ltr'><strong>servatos</strong></span> <span class='ocrx_word' id='word_1_156' title='bbox 3563 3142 3877 3239; x_wconf 86' lang='lat' dir='ltr'><strong>impense</strong></span> <span class='ocrx_word' id='word_1_157' title='bbox 3950 3143 4301 3223; x_wconf 82' lang='lat' dir='ltr'><strong>laetamur,</strong></span> <span class='ocrx_word' id='word_1_158' title='bbox 4370 3185 4473 3203; x_wconf 86' lang='grc'><strong>..-</strong></span> 
     </span>
     <span class='ocr_line' id='line_1_17' title="bbox 1443 3255 4466 3358; baseline 0.002 -26"><span class='ocrx_word' id='word_1_159' title='bbox 1443 3258 1544 3333; x_wconf 82' lang='lat' dir='ltr'><strong>Te</strong></span> <span class='ocrx_word' id='word_1_160' title='bbox 1600 3263 1873 3346; x_wconf 83' lang='lat' dir='ltr'><strong>autem,</strong></span> <span class='ocrx_word' id='word_1_161' title='bbox 1931 3255 2378 3331; x_wconf 88' lang='lat' dir='ltr'><strong>Nobilissime</strong></span> <span class='ocrx_word' id='word_1_162' title='bbox 2421 3278 2573 3329; x_wconf 68' lang='lat' dir='ltr'><strong>vau</strong></span> <span class='ocrx_word' id='word_1_163' title='bbox 2610 3256 2961 3333; x_wconf 75' lang='lat' dir='ltr'><strong>Lmnune</strong></span> <span class='ocrx_word' id='word_1_164' title='bbox 3000 3258 3323 3333; x_wconf 74' lang='lat' dir='ltr'><strong>Srrnuu!</strong></span> <span class='ocrx_word' id='word_1_165' title='bbox 3375 3284 3584 3358; x_wconf 90' lang='lat' dir='ltr'><strong>quem</strong></span> <span class='ocrx_word' id='word_1_166' title='bbox 3626 3284 3888 3341; x_wconf 80' lang='lat' dir='ltr'><strong>novum</strong></span> <span class='ocrx_word' id='word_1_167' title='bbox 3938 3259 4251 3338; x_wconf 86' lang='lat' dir='ltr'><strong>Civitatis</strong></span> <span class='ocrx_word' id='word_1_168' title='bbox 4300 3284 4466 3337; x_wconf 89' lang='lat' dir='ltr'><strong>con-</strong></span> 
     </span>
     <span class='ocr_line' id='line_1_18' title="bbox 1441 3374 4465 3477; baseline 0.001 -28"><span class='ocrx_word' id='word_1_169' title='bbox 1441 3375 1665 3453; x_wconf 89' lang='lat' dir='ltr'><strong>sulem</strong></span> <span class='ocrx_word' id='word_1_170' title='bbox 1703 3374 2082 3451; x_wconf 88' lang='lat' dir='ltr'><strong>Academia</strong></span> <span class='ocrx_word' id='word_1_171' title='bbox 2119 3400 2306 3451; x_wconf 90' lang='lat' dir='ltr'><strong>nunc</strong></span> <span class='ocrx_word' id='word_1_172' title='bbox 2335 3374 2591 3449; x_wconf 84' lang='lat' dir='ltr'><strong>salutat</strong></span> <span class='ocrx_word' id='word_1_173' title='bbox 2627 3374 2903 3472; x_wconf 90' lang='lat' dir='ltr'><strong>publice</strong></span> <span class='ocrx_word' id='word_1_174' title='bbox 2918 3433 2940 3464; x_wconf 88' lang='lat'>,</span> <span class='ocrx_word' id='word_1_175' title='bbox 2976 3377 3301 3451; x_wconf 88' lang='lat' dir='ltr'><strong>eumdem</strong></span> <span class='ocrx_word' id='word_1_176' title='bbox 3332 3377 3495 3453; x_wconf 88' lang='lat' dir='ltr'><strong>huic</strong></span> <span class='ocrx_word' id='word_1_177' title='bbox 3526 3378 3926 3455; x_wconf 77' lang='lat' dir='ltr'><strong>Curatorem</strong></span> <span class='ocrx_word' id='word_1_178' title='bbox 3962 3379 4423 3477; x_wconf 78' lang='lat' dir='ltr'><strong>congratulari</strong></span> <span class='ocrx_word' id='word_1_179' title='bbox 4442 3439 4465 3468; x_wconf 90' lang='lat'>‚</span> 
     </span>
     <span class='ocr_line' id='line_1_19' title="bbox 1437 3493 4471 3594; baseline 0.002 -24"><span class='ocrx_word' id='word_1_180' title='bbox 1437 3494 1548 3570; x_wconf 88' lang='lat' dir='ltr'><strong>uti</strong></span> <span class='ocrx_word' id='word_1_181' title='bbox 1610 3520 1810 3571; x_wconf 88' lang='lat' dir='ltr'><strong>meus</strong></span> <span class='ocrx_word' id='word_1_182' title='bbox 1867 3518 1982 3571; x_wconf 91' lang='lat' dir='ltr'><strong>me</strong></span> <span class='ocrx_word' id='word_1_183' title='bbox 2001 3552 2022 3583; x_wconf 92' lang='lat'>‚</span> <span class='ocrx_word' id='word_1_184' title='bbox 2083 3494 2181 3571; x_wconf 90' lang='lat' dir='ltr'><strong>sic</strong></span> <span class='ocrx_word' id='word_1_185' title='bbox 2247 3493 2561 3571; x_wconf 85' lang='lat' dir='ltr'><strong>omnium</strong></span> <span class='ocrx_word' id='word_1_186' title='bbox 2626 3493 3099 3572; x_wconf 87' lang='lat' dir='ltr'><strong>Professorum</strong></span> <span class='ocrx_word' id='word_1_187' title='bbox 3142 3503 3353 3594; x_wconf 83' lang='lat' dir='ltr'><strong>atque</strong></span> <span class='ocrx_word' id='word_1_188' title='bbox 3407 3496 3683 3579; x_wconf 88' lang='lat' dir='ltr'><strong>Civium</strong></span> <span class='ocrx_word' id='word_1_189' title='bbox 3736 3496 4309 3579; x_wconf 84' lang='lat' dir='ltr'><strong>Academicorum</strong></span> <span class='ocrx_word' id='word_1_190' title='bbox 4324 3556 4345 3588; x_wconf 87' lang='lat'><em>,</em></span> <span class='ocrx_word' id='word_1_191' title='bbox 4392 3498 4471 3576; x_wconf 89' lang='lat' dir='ltr'><strong>in</strong></span> 
     </span>
     <span class='ocr_line' id='line_1_20' title="bbox 1439 3612 4467 3713; baseline 0.001 -26"><span class='ocrx_word' id='word_1_192' title='bbox 1439 3622 1514 3687; x_wconf 87' lang='lat' dir='ltr'><strong>te</strong></span> <span class='ocrx_word' id='word_1_193' title='bbox 1577 3613 1852 3687; x_wconf 87' lang='lat' dir='ltr'><strong>animus</strong></span> <span class='ocrx_word' id='word_1_194' title='bbox 1916 3612 2134 3687; x_wconf 91' lang='lat' dir='ltr'><strong>iubet.</strong></span> <span class='ocrx_word' id='word_1_195' title='bbox 2235 3612 2460 3686; x_wconf 90' lang='lat' dir='ltr'><strong>Cuius</strong></span> <span class='ocrx_word' id='word_1_196' title='bbox 2507 3612 2691 3687; x_wconf 91' lang='lat' dir='ltr'><strong>enim</strong></span> <span class='ocrx_word' id='word_1_197' title='bbox 2745 3620 2829 3689; x_wconf 90' lang='lat' dir='ltr'><strong>tu</strong></span> <span class='ocrx_word' id='word_1_198' title='bbox 2876 3614 3025 3711; x_wconf 91' lang='lat' dir='ltr'><strong>ipse</strong></span> <span class='ocrx_word' id='word_1_199' title='bbox 3072 3615 3444 3713; x_wconf 83' lang='lat' dir='ltr'><strong>aliquando</strong></span> <span class='ocrx_word' id='word_1_200' title='bbox 3504 3640 3579 3691; x_wconf 89' lang='lat' dir='ltr'><strong>es</strong></span> <span class='ocrx_word' id='word_1_201' title='bbox 3628 3615 3843 3701; x_wconf 80' lang='lat' dir='ltr'><strong>veluti</strong></span> <span class='ocrx_word' id='word_1_202' title='bbox 3898 3616 4075 3694; x_wconf 87' lang='lat' dir='ltr'><strong>lacte</strong></span> <span class='ocrx_word' id='word_1_203' title='bbox 4124 3616 4467 3705; x_wconf 83' lang='lat' dir='ltr'><strong>nutritus,</strong></span> 
     </span>
     <span class='ocr_line' id='line_1_21' title="bbox 1439 3728 4467 3833; baseline 0.002 -27"><span class='ocrx_word' id='word_1_204' title='bbox 1439 3731 1620 3807; x_wconf 81' lang='lat' dir='ltr'><strong>hane</strong></span> <span class='ocrx_word' id='word_1_205' title='bbox 1698 3737 1770 3805; x_wconf 78' lang='lat' dir='ltr'><strong>te</strong></span> <span class='ocrx_word' id='word_1_206' title='bbox 1843 3729 2136 3827; x_wconf 85' lang='lat' dir='ltr'><strong>diligere</strong></span> <span class='ocrx_word' id='word_1_207' title='bbox 2207 3728 2586 3827; x_wconf 72' lang='lat' dir='ltr'><strong>matrisque</strong></span> <span class='ocrx_word' id='word_1_208' title='bbox 2670 3728 2888 3808; x_wconf 81' lang='lat' dir='ltr'><strong>instar</strong></span> <span class='ocrx_word' id='word_1_209' title='bbox 2959 3731 3177 3810; x_wconf 86' lang='lat' dir='ltr'><strong>colere</strong></span> <span class='ocrx_word' id='word_1_210' title='bbox 3252 3757 3519 3832; x_wconf 88' lang='lat' dir='ltr'><strong>semper</strong></span> <span class='ocrx_word' id='word_1_211' title='bbox 3542 3791 3562 3821; x_wconf 88' lang='lat'>,</span> <span class='ocrx_word' id='word_1_212' title='bbox 3637 3734 3852 3817; x_wconf 76' lang='lat' dir='ltr'><strong>animi</strong></span> <span class='ocrx_word' id='word_1_213' title='bbox 3923 3734 4033 3809; x_wconf 87' lang='lat' dir='ltr'><strong>tui</strong></span> <span class='ocrx_word' id='word_1_214' title='bbox 4102 3734 4323 3833; x_wconf 78' lang='lat' dir='ltr'><strong>pietas</strong></span> <span class='ocrx_word' id='word_1_215' title='bbox 4394 3745 4467 3817; x_wconf 81' lang='lat' dir='ltr'><strong>et</strong></span> 
     </span>
     <span class='ocr_line' id='line_1_22' title="bbox 1441 3846 4464 3950; baseline 0.005 -25"><span class='ocrx_word' id='word_1_216' title='bbox 1441 3846 1804 3945; x_wconf 82' lang='lat' dir='ltr'><strong>integritas</strong></span> <span class='ocrx_word' id='word_1_217' title='bbox 1854 3846 2118 3923; x_wconf 89' lang='lat' dir='ltr'><strong>nescire</strong></span> <span class='ocrx_word' id='word_1_218' title='bbox 2171 3870 2300 3923; x_wconf 90' lang='lat' dir='ltr'><strong>nos</strong></span> <span class='ocrx_word' id='word_1_219' title='bbox 2357 3852 2614 3925; x_wconf 82' lang='lat' dir='ltr'><strong>vetant.</strong></span> <span class='ocrx_word' id='word_1_220' title='bbox 2704 3846 2949 3929; x_wconf 71' lang='lat' dir='ltr'><strong>‘Quare</strong></span> <span class='ocrx_word' id='word_1_221' title='bbox 2996 3872 3081 3923; x_wconf 85' lang='lat' dir='ltr'><strong>ex</strong></span> <span class='ocrx_word' id='word_1_222' title='bbox 3141 3855 3265 3922; x_wconf 86' lang='lat' dir='ltr'><strong>tuo</strong></span> <span class='ocrx_word' id='word_1_223' title='bbox 3314 3875 3591 3949; x_wconf 89' lang='lat' dir='ltr'><strong>quoque</strong></span> <span class='ocrx_word' id='word_1_224' title='bbox 3632 3850 4010 3950; x_wconf 78' lang='lat' dir='ltr'><strong>patrocinio</strong></span> <span class='ocrx_word' id='word_1_225' title='bbox 4030 3910 4051 3941; x_wconf 85' lang='lat'>‚</span> <span class='ocrx_word' id='word_1_226' title='bbox 4101 3852 4205 3937; x_wconf 76' lang='lat' dir='ltr'><strong>Vir</strong></span> <span class='ocrx_word' id='word_1_227' title='bbox 4244 3852 4464 3940; x_wconf 74' lang='lat' dir='ltr'><strong>Nobi·</strong></span> 
     </span>
     <span class='ocr_line' id='line_1_23' title="bbox 1441 3963 4469 4069; baseline 0.001 -28"><span class='ocrx_word' id='word_1_228' title='bbox 1441 3963 1739 4061; x_wconf 70' lang='lat' dir='ltr'><strong>lissimel</strong></span> <span class='ocrx_word' id='word_1_229' title='bbox 1801 3964 1993 4043; x_wconf 81' lang='lat' dir='ltr'><strong>nulla</strong></span> <span class='ocrx_word' id='word_1_230' title='bbox 2055 3988 2195 4043; x_wconf 92' lang='lat' dir='ltr'><strong>non</strong></span> <span class='ocrx_word' id='word_1_231' title='bbox 2251 3963 2434 4042; x_wconf 89' lang='lat' dir='ltr'><strong>bona</strong></span> <span class='ocrx_word' id='word_1_232' title='bbox 2494 3990 2574 4043; x_wconf 83' lang='lat' dir='ltr'><strong>ac</strong></span> <span class='ocrx_word' id='word_1_233' title='bbox 2636 3963 2865 4047; x_wconf 84' lang='lat' dir='ltr'><strong>fausta</strong></span> <span class='ocrx_word' id='word_1_234' title='bbox 2912 3966 3329 4050; x_wconf 84' lang='lat' dir='ltr'><strong>Academiae</strong></span> <span class='ocrx_word' id='word_1_235' title='bbox 3372 3970 3593 4048; x_wconf 87' lang='lat' dir='ltr'><strong>laetus</strong></span> <span class='ocrx_word' id='word_1_236' title='bbox 3634 3994 3959 4069; x_wconf 89' lang='lat' dir='ltr'><strong>auguror.</strong></span> <span class='ocrx_word' id='word_1_237' title='bbox 4058 3971 4265 4055; x_wconf 78' lang='lat' dir='ltr'><strong>Faxit</strong></span> <span class='ocrx_word' id='word_1_238' title='bbox 4305 3994 4469 4045; x_wconf 86' lang='lat' dir='ltr'><strong>vero</strong></span> 
     </span>
     <span class='ocr_line' id='line_1_24' title="bbox 1440 4062 4461 4189; baseline 0.001 -28"><span class='ocrx_word' id='word_1_239' title='bbox 1440 4084 1638 4161; x_wconf 73' lang='lat' dir='ltr'><strong>Deus</strong></span> <span class='ocrx_word' id='word_1_240' title='bbox 1695 4082 1784 4161; x_wconf 78' lang='lat' dir='ltr'><strong>iis</strong></span> <span class='ocrx_word' id='word_1_241' title='bbox 1847 4090 1920 4159; x_wconf 75' lang='lat' dir='ltr'><strong>te</strong></span> <span class='ocrx_word' id='word_1_242' title='bbox 1983 4062 2308 4163; x_wconf 65' lang='lat' dir='ltr'><strong>omnissus</strong></span> <span class='ocrx_word' id='word_1_243' title='bbox 2367 4084 2545 4172; x_wconf 76' lang='lat' dir='ltr'><strong>frui,</strong></span> <span class='ocrx_word' id='word_1_244' title='bbox 2608 4085 2867 4182; x_wconf 81' lang='lat' dir='ltr'><strong>quibus</strong></span> <span class='ocrx_word' id='word_1_245' title='bbox 2926 4086 3213 4169; x_wconf 72' lang='lat' dir='ltr'><strong>feliciter</strong></span> <span class='ocrx_word' id='word_1_246' title='bbox 3264 4089 3485 4187; x_wconf 79' lang='lat' dir='ltr'><strong>possis</strong></span> <span class='ocrx_word' id='word_1_247' title='bbox 3548 4089 3911 4189; x_wconf 75' lang='lat' dir='ltr'><strong>splendido</strong></span> <span class='ocrx_word' id='word_1_248' title='bbox 3972 4090 4047 4168; x_wconf 84' lang='lat' dir='ltr'><strong>in</strong></span> <span class='ocrx_word' id='word_1_249' title='bbox 4112 4098 4183 4165; x_wconf 75' lang='lat' dir='ltr'><strong>te</strong></span> <span class='ocrx_word' id='word_1_250' title='bbox 4232 4089 4461 4175; x_wconf 65' lang='lat' dir='ltr'><strong>delato</strong></span> 
     </span>
     <span class='ocr_line' id='line_1_25' title="bbox 1441 4201 4457 4307; baseline 0.003 -30"><span class='ocrx_word' id='word_1_251' title='bbox 1441 4226 1727 4278; x_wconf 85' lang='lat' dir='ltr'><strong>munere</strong></span> <span class='ocrx_word' id='word_1_252' title='bbox 1786 4201 2022 4301; x_wconf 83' lang='lat' dir='ltr'><strong>fungi!</strong></span> <span class='ocrx_word' id='word_1_253' title='bbox 2121 4202 2404 4301; x_wconf 90' lang='lat' dir='ltr'><strong>Diuque</strong></span> <span class='ocrx_word' id='word_1_254' title='bbox 2468 4202 2657 4287; x_wconf 82' lang='lat' dir='ltr'><strong>vivas</strong></span> <span class='ocrx_word' id='word_1_255' title='bbox 2675 4262 2697 4294; x_wconf 89' lang='lat'>,</span> <span class='ocrx_word' id='word_1_256' title='bbox 2756 4205 2829 4279; x_wconf 90' lang='lat' dir='ltr'><strong>in</strong></span> <span class='ocrx_word' id='word_1_257' title='bbox 2895 4205 3207 4286; x_wconf 82' lang='lat' dir='ltr'><strong>Civitatis</strong></span> <span class='ocrx_word' id='word_1_258' title='bbox 3258 4208 3519 4288; x_wconf 81' lang='lat' dir='ltr'><strong>bonum</strong></span> <span class='ocrx_word' id='word_1_259' title='bbox 3538 4266 3557 4297; x_wconf 88' lang='lat'>,</span> <span class='ocrx_word' id='word_1_260' title='bbox 3618 4208 4033 4293; x_wconf 80' lang='lat' dir='ltr'><strong>Academiae</strong></span> <span class='ocrx_word' id='word_1_261' title='bbox 4078 4207 4457 4307; x_wconf 81' lang='lat' dir='ltr'><strong>Lugdune-</strong></span> 
     </span>
     <span class='ocr_line' id='line_1_26' title="bbox 1436 4322 2286 4400; baseline 0 -5"><span class='ocrx_word' id='word_1_262' title='bbox 1436 4322 1739 4400; x_wconf 81' lang='lat' dir='ltr'><strong>Bstavae</strong></span> <span class='ocrx_word' id='word_1_263' title='bbox 1783 4322 2286 4397; x_wconf 78' lang='lat' dir='ltr'><strong>emolumento!</strong></span> 
     </span>
    </p>
   </div>
   <div class='ocr_carea' id='block_1_4' title="bbox 1441 4556 4455 4911">
    <p class='ocr_par' dir='ltr' id='par_1_5' title="bbox 1441 4556 4455 4911">
     <span class='ocr_line' id='line_1_27' title="bbox 1537 4556 4455 4671; baseline 0.004 -42"><span class='ocrx_word' id='word_1_264' title='bbox 1537 4556 1671 4639; x_wconf 84' lang='lat' dir='ltr'><strong>Est</strong></span> <span class='ocrx_word' id='word_1_265' title='bbox 1720 4557 1850 4633; x_wconf 92' lang='lat' dir='ltr'><strong>hoc</strong></span> <span class='ocrx_word' id='word_1_266' title='bbox 1896 4560 1985 4635; x_wconf 92' lang='lat' dir='ltr'><strong>A.</strong></span> <span class='ocrx_word' id='word_1_267' title='bbox 2039 4560 2127 4635; x_wconf 80' lang='lat' dir='ltr'><strong>A.</strong></span> <span class='ocrx_word' id='word_1_268' title='bbox 2181 4558 2462 4643; x_wconf 86' lang='lat' dir='ltr'><strong>Rectori</strong></span> <span class='ocrx_word' id='word_1_269' title='bbox 2481 4618 2503 4649; x_wconf 91' lang='lat'>‚</span> <span class='ocrx_word' id='word_1_270' title='bbox 2552 4582 2837 4640; x_wconf 88' lang='lat' dir='ltr'><strong>munere</strong></span> <span class='ocrx_word' id='word_1_271' title='bbox 2867 4584 3010 4671; x_wconf 32' lang='lat' dir='ltr'><strong>‚suo</strong></span> <span class='ocrx_word' id='word_1_272' title='bbox 3054 4562 3338 4647; x_wconf 79' lang='lat' dir='ltr'><strong>abeunti</strong></span> <span class='ocrx_word' id='word_1_273' title='bbox 3359 4623 3381 4653; x_wconf 85' lang='lat'>,</span> <span class='ocrx_word' id='word_1_274' title='bbox 3426 4564 3580 4665; x_wconf 62' lang='lat' dir='ltr'><strong>ipss</strong></span> <span class='ocrx_word' id='word_1_275' title='bbox 3618 4564 3791 4665; x_wconf 81' lang='lat' dir='ltr'><strong>legis</strong></span> <span class='ocrx_word' id='word_1_276' title='bbox 3835 4564 4033 4661; x_wconf 58' lang='lat' dir='ltr'><strong>litera</strong></span> <span class='ocrx_word' id='word_1_277' title='bbox 4082 4564 4413 4661; x_wconf 86' lang='lat' dir='ltr'><strong>scriptum</strong></span> <span class='ocrx_word' id='word_1_278' title='bbox 4433 4621 4455 4651; x_wconf 88' lang='lat'>,</span> 
     </span>
     <span class='ocr_line' id='line_1_28' title="bbox 1441 4672 4453 4783; baseline 0.004 -38"><span class='ocrx_word' id='word_1_279' title='bbox 1441 4678 1526 4757; x_wconf 88' lang='lat' dir='ltr'><strong>ut</strong></span> <span class='ocrx_word' id='word_1_280' title='bbox 1583 4672 2054 4754; x_wconf 87' lang='lat' dir='ltr'><strong>Professorum</strong></span> <span class='ocrx_word' id='word_1_281' title='bbox 2072 4735 2093 4766; x_wconf 92' lang='lat'>‚</span> <span class='ocrx_word' id='word_1_282' title='bbox 2161 4701 2345 4753; x_wconf 91' lang='lat' dir='ltr'><strong>anno</strong></span> <span class='ocrx_word' id='word_1_283' title='bbox 2398 4679 2812 4763; x_wconf 89' lang='lat' dir='ltr'><strong>Academico</strong></span> <span class='ocrx_word' id='word_1_284' title='bbox 2857 4681 2997 4755; x_wconf 84' lang='lat' dir='ltr'><strong>vita</strong></span> <span class='ocrx_word' id='word_1_285' title='bbox 3036 4681 3430 4765; x_wconf 87' lang='lat' dir='ltr'><strong>functorum</strong></span> <span class='ocrx_word' id='word_1_286' title='bbox 3452 4741 3473 4773; x_wconf 90' lang='lat'>,</span> <span class='ocrx_word' id='word_1_287' title='bbox 3522 4684 3636 4783; x_wconf 91' lang='lat' dir='ltr'><strong>pie</strong></span> <span class='ocrx_word' id='word_1_288' title='bbox 3686 4684 4089 4760; x_wconf 87' lang='lat' dir='ltr'><strong>memoriam</strong></span> <span class='ocrx_word' id='word_1_289' title='bbox 4134 4681 4453 4766; x_wconf 82' lang='lat' dir='ltr'><strong>celebret,</strong></span> 
     </span>
     <span class='ocr_line' id='line_1_29' title="bbox 1441 4790 4455 4911; baseline 0.005 -46"><span class='ocrx_word' id='word_1_290' title='bbox 1441 4792 1580 4880; x_wconf 83' lang='lat' dir='ltr'><strong>At,</strong></span> <span class='ocrx_word' id='word_1_291' title='bbox 1643 4816 1690 4865; x_wconf 93' lang='lat' dir='ltr'><strong>o</strong></span> <span class='ocrx_word' id='word_1_292' title='bbox 1747 4790 2014 4869; x_wconf 88' lang='lat' dir='ltr'><strong>felicem</strong></span> <span class='ocrx_word' id='word_1_293' title='bbox 2075 4797 2525 4875; x_wconf 84' lang='lat' dir='ltr'><strong>Academiam</strong></span> <span class='ocrx_word' id='word_1_294' title='bbox 2524 4801 2564 4911; x_wconf 61' lang='lat' dir='ltr'>J</span> <span class='ocrx_word' id='word_1_295' title='bbox 2628 4825 2673 4875; x_wconf 91' lang='lat' dir='ltr'><strong>o</strong></span> <span class='ocrx_word' id='word_1_296' title='bbox 2738 4824 2852 4877; x_wconf 88' lang='lat' dir='ltr'><strong>mc</strong></span> <span class='ocrx_word' id='word_1_297' title='bbox 2918 4802 3287 4879; x_wconf 85' lang='lat' dir='ltr'><strong>Rectorem</strong></span> <span class='ocrx_word' id='word_1_298' title='bbox 3343 4803 3651 4880; x_wconf 86' lang='lat' dir='ltr'><strong>felicem!</strong></span> <span class='ocrx_word' id='word_1_299' title='bbox 3716 4802 3830 4889; x_wconf 80' lang='lat' dir='ltr'><strong>cui</strong></span> <span class='ocrx_word' id='word_1_300' title='bbox 3876 4801 4208 4879; x_wconf 88' lang='lat' dir='ltr'><strong>nimirum</strong></span> <span class='ocrx_word' id='word_1_301' title='bbox 4258 4801 4455 4887; x_wconf 74' lang='lat' dir='ltr'><strong>triste</strong></span> 
     </span>
    </p>
   </div>
   <div class='ocr_carea' id='block_1_5' title="bbox 4918 1122 4921 2115">
    <p class='ocr_par' dir='ltr' id='par_1_6' title="bbox 4918 1122 4921 2115">
     <span class='ocr_line' id='line_1_30' title="bbox 4918 1122 4921 2115; baseline 0 0"><span class='ocrx_word' id='word_1_302' title='bbox 4918 1122 4921 2115; x_wconf 95' lang='lat' dir='ltr'><strong> </strong></span> 
     </span>
    </p>
   </div>
   <div class='ocr_carea' id='block_1_6' title="bbox 4918 4340 4920 5207">
    <p class='ocr_par' dir='ltr' id='par_1_7' title="bbox 4918 4340 4920 5207">
     <span class='ocr_line' id='line_1_31' title="bbox 4918 4340 4920 5207; baseline 0 0"><span class='ocrx_word' id='word_1_303' title='bbox 4918 4340 4920 5207; x_wconf 95' lang='lat' dir='ltr'><strong> </strong></span> 
     </span>
    </p>
   </div>
  </div>
 </body>
</html>
