4967 6217
1352 716 1481 781 214
2533 719 2582 781 1.
2645 718 2712 783 G.
2775 716 2854 783 G.
2917 712 3220 780 BOOT‘

1350 923 1473 997 sed
1511 945 1649 995 non
1687 920 1895 993 nimis
1932 919 2057 995 diu
2098 920 2169 993 in
2211 920 2341 995 hoc
2372 921 2693 997 instituto
2726 922 3152 998 manendum
3196 942 3346 994 esse
3385 941 3744 1007 censemus
3762 976 3782 1005 ‚
3833 918 3968 992 nisi
4010 918 4374 995 hominum

1347 1040 1696 1117 levitatem
1748 1046 1819 1113 et
1869 1039 2217 1137 ignaviam
2277 1041 2455 1115 alere
2525 1042 2840 1118 velimus.
2947 1042 3219 1116 Mature
3279 1039 3561 1139 ingenia
3609 1065 3650 1113 a
3698 1038 3908 1112 rebus
3956 1039 4242 1114 ludicris
4287 1042 4377 1115 ad

1278 1168 1287 1175 ’
1346 1159 1554 1232 serias
1598 1159 2049 1235 traducantur
2067 1218 2087 1248 ,
2144 1160 2411 1235 labores
2468 1161 2764 1259 perferre
2817 1161 3123 1249 discant,
3175 1159 3473 1257 denique
3529 1165 3926 1233 assuescant
3969 1184 4111 1233 non
4157 1161 4376 1233 multa

1345 1277 1577 1374 potius
1650 1303 1861 1375 quam
1944 1279 2247 1353 multum
2316 1280 2561 1378 legere.
2687 1283 2923 1379 Atque
2981 1280 3092 1354 hic
3161 1287 3267 1353 est
3331 1279 3606 1353 maioris
3681 1279 3866 1353 illius
3953 1278 4378 1352 difficultatis

1344 1396 1615 1471 fructus
1676 1398 1969 1472 eximius
1994 1459 2013 1488 ‚
2077 1399 2339 1498 quique
2387 1399 2477 1473 ob
2530 1410 2680 1475 eam
2727 1426 3009 1475 causam
3053 1400 3373 1498 antiquas
3411 1400 3684 1497 linguas
3727 1398 4031 1485 fastidit,
4083 1424 4214 1473 nae
4263 1400 4376 1472 ille

1344 1524 1467 1588 aut
1514 1515 1750 1591 hebeti
1796 1517 1887 1591 sit
1936 1518 2212 1617 ingenio
2258 1528 2530 1617 oportet
2585 1528 2706 1595 aut
2760 1521 2995 1619 pusilli
3037 1521 3272 1595 animi.
3375 1519 3676 1593 Tantum
3735 1542 3936 1618 porro
3983 1517 4224 1605 abest,
4295 1528 4376 1592 ut

1254 1708 1259 1717 ,
1344 1635 1592 1725 Graeci
1646 1636 2017 1735 Latinique
2066 1640 2396 1713 sermonis
2440 1640 2756 1714 studium
2806 1640 3008 1714 nobis
3048 1640 3454 1714 recentiores
3495 1638 3768 1737 linguas
3811 1638 4245 1736 praecludat,
4295 1648 4377 1711 ut

1344 1779 1547 1829 nemo
1626 1755 1889 1830 minore
1959 1757 2191 1831 labore
2260 1766 2331 1832 et
2400 1760 2681 1835 meliore
2757 1784 3077 1835 successu
3147 1760 3238 1833 ad
3310 1760 3435 1833 has
3504 1758 3962 1832 addiscendas
4025 1759 4375 1855 pervenire

1344 1873 1600 1971 possit,
1665 1901 1876 1974 quam
1952 1878 2076 1973 qui
2122 1877 2195 1951 in
2244 1879 2381 1953 illis
2428 1878 2820 1954 tirocinium
2871 1878 3195 1978 posuerit.
3298 1879 3511 1956 Quod
3561 1902 3715 1951 vere
3763 1877 4085 1951 affirmari
4134 1902 4372 1951 omnes

1347 1995 1607 2081 sciunt,
1656 1996 1777 2091 qui
1819 1996 2011 2095 prius
2046 1998 2535 2095 grammaticae
2583 2001 2884 2073 Graecae
2929 1998 3356 2096 Latinaeque
3403 2021 3684 2095 operam
3733 1994 4115 2084 dederunt,
4165 2022 4378 2095 quam

1347 2113 1657 2209 linguam
1704 2114 2007 2211 aliquam
2055 2117 2500 2190 recentiorem
2550 2119 2952 2215 attigerunt.

1443 2232 1519 2304 Si
1583 2240 1776 2306 tanta
1844 2242 1950 2305 est
2015 2216 2498 2333 grammatices
2566 2238 2828 2312 utilitas
2855 2297 2872 2324 ‚
2936 2261 3074 2310 non
3141 2236 3426 2311 minoris
3463 2235 3842 2333 dignitatis
3897 2262 4048 2310 esse
4098 2238 4376 2311 criticen

1268 2444 1273 2449 ·
1341 2351 1539 2425 facile
1599 2352 2012 2440 concedent,
2084 2354 2207 2451 qui
2259 2362 2586 2453 reputant
2643 2356 3088 2455 antiquorum
3141 2356 3392 2454 scripta
3438 2362 3598 2429 ante
3658 2354 4006 2430 inventam
4049 2364 4374 2455 typogra-

1342 2470 1579 2567 phiam
1640 2497 1781 2545 uno
1847 2496 2049 2571 saepe
2110 2473 2219 2545 vel
2281 2473 2521 2570 paucis
2574 2474 2928 2550 codicibus
2979 2474 3466 2571 manuscriptis
3518 2498 3668 2547 esse
3717 2483 3972 2549 servata
3998 2535 4016 2562 ‚
4071 2500 4374 2573 quorum

1342 2590 1578 2665 nullus
1646 2598 1788 2677 est,
1862 2592 2029 2688 quin
2096 2591 2531 2667 librariorum
2595 2594 2901 2683 socordia
2961 2594 3234 2668 mendis
3299 2594 3388 2667 sit
3446 2594 3868 2691 inquinatus.
3967 2596 4128 2668 Non
4175 2620 4374 2669 rarae

1344 2714 1507 2779 sunt
1554 2707 1863 2804 ipsorum
1918 2710 2363 2807 antiquorum
2409 2714 2726 2809 querelae
2780 2715 2867 2788 de
2911 2713 3104 2787 libris
3162 2713 3402 2787 vitiose
3445 2713 3846 2811 descriptis3
3899 2714 4074 2811 quid
4115 2714 4374 2788 factum

1344 2826 1746 2922 putabimus
1803 2837 2041 2925 postea
2060 2888 2078 2915 ‚
2146 2854 2367 2927 quum
2416 2855 2593 2907 nova
2645 2834 2962 2930 exempla
3009 2833 3256 2906 fierent
3308 2858 3348 2906 e
3397 2832 3572 2907 libro
3621 2833 3856 2931 aliquo
3906 2834 4086 2907 male
4137 2835 4388 2933 scripto

1350 2944 1459 3016 vel
1516 2945 1802 3017 humore
1866 2956 2185 3045 corrupto
2258 2949 2365 3021 vel
2422 2951 2626 3024 tineis
2698 2952 3074 3049 blattisque
3147 2976 3416 3026 corroso
3485 2953 3703 3027 aliove
3759 2948 3970 3026 modo
4045 2954 4388 3027 lacerato?

1344 3086 1565 3160 quum
1626 3064 1941 3137 homines
1998 3066 2260 3141 indocti
2334 3076 2403 3141 et
2462 3071 2640 3144 male
2696 3071 2918 3145 seduli
2963 3072 3242 3146 lacunas
3289 3072 3425 3170 ipsi
3471 3071 3788 3169 supplere
3836 3072 4192 3169 multaque
4241 3098 4381 3146 non

1343 3182 1433 3255 ad
1492 3182 1736 3256 veteris
1804 3184 2185 3283 scripturae
2240 3188 2454 3263 fidem
2505 3190 2864 3266 restituere
2887 3250 2906 3279 ‚
2961 3191 3084 3264 sed
3133 3218 3220 3265 ex
3267 3191 3547 3290 ingenio
3593 3192 3928 3290 refingere
3979 3191 4388 3265 studerent?

1347 3303 1713 3377 Quantum
1762 3311 2001 3377 autem
2062 3306 2300 3380 damni
2355 3308 2463 3381 his
2521 3310 2733 3383 literis
2781 3310 3051 3384 illatum
3099 3321 3238 3399 est,
3290 3336 3512 3409 quum
3551 3312 3759 3411 primi
3797 3312 4094 3385 editores
4133 3312 4389 3386 infelici

1350 3446 1551 3519 saepe
1615 3448 1779 3499 casu
1842 3423 1915 3495 in
1976 3426 2371 3523 exemplum
2430 3429 2662 3503 minus
2727 3430 2990 3504 bonum
3035 3431 3417 3505 incidentes
3467 3430 3644 3504 illud
3691 3430 3875 3530 typis
3927 3432 4388 3507 describerent

1246 3594 1249 3597 -
1352 3548 1421 3612 et
1480 3541 1651 3613 tales
1712 3542 1961 3616 deinde
2024 3544 2361 3619 editiones
2427 3556 2898 3646 repeterentur
2951 3557 3075 3624 ant
3131 3551 3278 3624 sine
3341 3558 3524 3623 certo
3568 3550 3825 3624 iudicio
3875 3576 3962 3625 ex
4013 3550 4164 3625 aliis
4205 3552 4388 3625 codi-

1351 3658 1547 3731 cibus
1604 3684 1742 3733 non
1804 3660 2202 3734 melioribus
2263 3666 2524 3761 passim
2582 3650 3128 3767 corrigerentur?
3224 3670 3524 3768 Egregie
3563 3668 3779 3768 igitur
3817 3671 3906 3743 de
3947 3670 4178 3769 literis·
4221 3678 4386 3743 sunt

1354 3776 1622 3863 meriti,
1684 3777 1836 3878 qui·
1868 3779 2310 3876 antiquorum
2377 3784 2630 3883 scripta
2689 3786 2782 3861 ad
2841 3789 3140 3887 optimos
3191 3788 3404 3863 libros
3457 3796 3718 3863 veteres
3765 3789 4158 3875 emendare,
4207 3799 4379 3875 aut,

1354 3894 1480 3967 ubi
1535 3895 1729 3969 nulla
1779 3895 1941 3971 inde
1988 3898 2173 3973 salus
2220 3906 2597 3999 exspectari
2641 3914 2948 4004 poterat,
2997 3916 3197 3983 caute
3233 3915 3305 3982 et
3349 3907 3726 4007 prudenter
3777 3908 4177 3983 coniecturis
4231 3910 4381 3981 suis

1354 4036 1592 4087 sanare
1665 4024 2077 4111 coeperunt3
2156 4018 2405 4094 melius
2472 4023 2693 4097 etiam
2761 4024 2884 4122 qui
2949 4025 3156 4099 huius
3233 4027 3399 4099 artis
3467 4022 3733 4126 partem
3757 4086 3776 4116 ,
3853 4052 4061 4125 quam
4143 4034 4386 4102 vocant

1353 4134 1666 4213 altiorem
1682 4192 1703 4221 ‚
1776 4134 1875 4209 ita
1937 4147 2428 4226 exercuerunt,
2497 4148 2577 4213 ut
2623 4139 2902 4224 fraudes
2955 4142 3414 4241 interpolandi
3462 4144 3568 4219 vel
3613 4146 3923 4244 fingendi
3960 4146 4347 4219 indicarent
4365 4206 4382 4232 ,

1356 4252 1711 4351 doctisque
1764 4253 2368 4353 disputationibus
2433 4268 2792 4347 curarent,
2863 4286 2950 4333 ne
3015 4262 3298 4337 lectores
3363 4263 3646 4336 nomine
3702 4272 3800 4353 et,
3831 4265 4058 4362 specie
4115 4264 4387 4362 decepti

1357 4372 1667 4468 quidviS,
1702 4374 1888 4471 quod
1918 4375 2402 4474 antiquitatem
2431 4402 2596 4476 prae
2631 4402 2704 4452 se
2731 4379 2972 4469 ferret,
3003 4382 3388 4481 genuinum
3426 4392 3782 4459 censerent
3823 4385 4056 4483 itaque
4091 4384 4353 4457 nubem
4371 4444 4390 4471 ‚

1354 4499 1435 4563 ut
1500 4492 1733 4579 aiunt,
1803 4518 1931 4590 pro
1996 4496 2265 4571 Iunone
2328 4497 2923 4596 amplecterentur.
3025 4502 3412 4575 Multorum
3467 4502 3743 4579 levitate
3790 4503 4054 4577 factum
4113 4512 4258 4591 est,
4313 4514 4390 4577 ut

1360 4610 1587 4683 critice
1649 4612 1837 4708 apud
1900 4614 2157 4689 multos
2222 4618 2400 4692 male
2459 4618 2766 4707 audiret3
2835 4620 2958 4693 sed
3027 4622 3099 4694 in
3150 4622 3279 4695 hoc
3325 4646 3604 4720 quoque
3657 4648 3908 4722 genere
3953 4627 4384 4721 prudentiam

1360 4730 1826 4823 quodammodo
1903 4756 2045 4806 esse
2120 4736 2594 4814 divinationem
2662 4738 2911 4815 docent
2975 4765 3056 4815 ea
3075 4800 3092 4828 ,
3169 4766 3347 4839 quae
3409 4766 3452 4815 a
3513 4742 3674 4816 viris
3747 4742 3968 4817 doctis
4031 4741 4388 4839 ingeniose

1358 4853 1657 4919 correcta
1724 4854 1959 4943 postea
2021 4854 2419 4932 melioribus
2482 4858 2674 4933 libris
2738 4860 3032 4935 inventis
3093 4862 3492 4936 confirmata
3556 4870 3762 4950 sunt,
3813 4870 3935 4937 aut
3987 4862 4192 4935 etiam
4235 4860 4396 4933 sine
