4967 6217
1310 702 1437 788 21'2
2376 720 2542 785 ..1.
2603 718 2669 784 c:
2731 717 2809 784 G.
2873 714 3154 782 soor

1316 931 1574 1003 tionem
1626 933 1947 1025 quaerat,
1998 948 2225 1023 neque
2273 932 2353 997 ut
2398 924 2804 998 eruditionis
2846 925 3124 999 laudem
3169 921 3332 995 inde
3381 927 3645 1019 captet,
3697 922 3755 995 si
3803 923 3936 996 sibi
3979 922 4342 1023 contigerit

1316 1047 1689 1145 ingeniosis
1755 1043 2163 1119 coniecturis
2226 1068 2457 1118 veram
2503 1044 2772 1142 antiqui
2811 1043 3155 1142 scriptoris
3195 1065 3481 1115 manum
3525 1041 3870 1116 reducere.
3969 1043 4157 1118 Nam
4205 1044 4344 1116 nisi

1313 1166 1671 1265 pulchram
1735 1165 2059 1239 orationis
2121 1163 2414 1237 formam
2470 1165 3014 1263 contemplantes
3076 1162 3487 1259 elegentiam
3551 1186 3889 1260 augemus
3912 1220 3931 1248 ,
3981 1162 4116 1235 nisi
4163 1163 4341 1261 opti-

1316 1308 1509 1358 mum
1564 1310 1913 1383 quemque
1964 1283 2257 1383 legendo
2301 1284 2392 1357 ad
2428 1283 2786 1358 veritatem
2836 1290 2908 1357 et
2943 1283 3374 1356 honestatem
3416 1280 3774 1369 ducimur,
3823 1281 3958 1355 nisi
3996 1282 4342 1379 graviores

1315 1405 1449 1501 ipsi
1489 1413 1561 1477 et
1602 1405 1917 1479 meliores
1960 1404 2317 1479 evadimus
2338 1462 2356 1490 ,
2407 1403 2536 1475 hoc
2580 1403 2890 1476 studium
2932 1427 3073 1475 non
3115 1401 3294 1476 tanti
3331 1408 3470 1487 est,
3523 1408 3602 1473 ut
3636 1408 3930 1474 aetatem
3975 1402 4040 1475 ei
4071 1402 4344 1500 impen-v

1316 1524 1563 1597 damus
1589 1583 1607 1610 ,
1657 1550 1882 1621 neque
1926 1523 2365 1619 vehementer
2399 1521 2830 1620 promovebit
2859 1521 3042 1594 illam
3061 1580 3080 1607 ‚
3131 1546 3343 1619 quam
3374 1520 3734 1618 pollicetur
3753 1580 3772 1607 ‚
3813 1521 4335 1597 humanitatem.

1411 1643 1835 1741 Diligentem
1884 1654 2119 1717 autem
2161 1642 2794 1739 interpretationem
2842 1649 3152 1714 veterum
3197 1641 3606 1739 scriptorum
3645 1666 3795 1715 esse
3841 1640 4050 1715 multi
4089 1642 4340 1715 laboris

1312 1762 1509 1835 facile
1550 1764 1899 1837 obtinebo.
2002 1762 2408 1859 Requiritur
2460 1761 2646 1835 enim
2693 1762 2994 1860 primum
3043 1769 3360 1835 accurata
3401 1762 3703 1860 cognitio
3743 1760 3929 1834 illius
3977 1762 4298 1836 scientiae
4320 1820 4339 1848 ,

1312 1905 1491 1977 quae
1560 1882 1891 1955 sermonis
1956 1882 2201 1956 Graeci
2247 1889 2315 1955 et
2355 1881 2589 1955 Latini
2638 1881 2998 1979 ingenium
3045 1880 3276 1967 docet,
3327 1882 3524 1954 cuius
3567 1880 3778 1953 unius
3827 1904 3959 1979 ope
4012 1880 4150 1953 aad
4187 1881 4336 1954 illa·

1238 2038 1245 2049 .
1314 2024 1467 2071 rum
1526 2004 1837 2097 gentium
1859 2061 1877 2088 ‚
1951 2027 2127 2098 quae
2175 2001 2325 2075 aliis
2376 2001 2664 2075 saeculis
2715 2000 3029 2074 vixerunt
3050 2058 3068 2087 ,
3119 2000 3528 2075 memoriam
3587 1999 4000 2097 descendere
4039 2000 4110 2072 in
4153 2026 4332 2075 eam-

1313 2142 1449 2213 que
1497 2127 1853 2215 penetrare
1890 2144 2291 2193 concessum
2342 2127 2483 2225 est,
2532 2121 2732 2193 cuius
2777 2122 2900 2218 qui
2940 2127 3353 2217 potestatem
3396 2144 3536 2193 non
3571 2128 3885 2194 accurate
3927 2122 4335 2218 perceperit,

1309 2244 1640 2332 tanquam
1706 2238 2109 2336 peregrinus
2178 2238 2399 2311 multa
2472 2262 2831 2336 perperam
2901 2238 3278 2337 intelliget,
3351 2238 3487 2339 alia
3557 2240 3762 2337 plane
3817 2263 3956 2313 non
4027 2240 4339 2313 animad—

1312 2358 1575 2425 vertet'’
1632 2358 1714 2446 ⁷).
1844 2358 2349 2431 Grammaticae
2435 2382 2663 2431 comes
2739 2365 2844 2430 est
2924 2358 3368 2455 adiungenda
3447 2357 3716 2444 critice,
3805 2384 3980 2455 quae
4056 2359 4342 2456 quando

1308 2482 1659 2547 exercetur
1721 2474 1813 2547 ab
1878 2501 1993 2561 e0,
2068 2478 2190 2573 qui
2256 2502 2418 2551 cum
2486 2477 2750 2576 ingenii
2798 2477 3094 2575 quadam
3149 2476 3472 2551 felicitate
3523 2501 3842 2576 magnam
3889 2478 4336 2575 prudentiam

1308 2592 1748 2689 multumque
1820 2618 2025 2667 usum
2092 2596 2492 2695 coniungit,
2567 2596 2880 2670 omnium
2953 2597 3205 2671 artium
3273 2599 3412 2670 fere
3434 2674 3440 2679 ,
3464 2596 3780 2694 princeps
3829 2596 3966 2669 dici
4007 2604 4331 2669 meretur.

1305 2710 1441 2791 His
1507 2710 1977 2786 fundamentis
2046 2716 2546 2811 superstruitur
2587 2715 2704 2789 illa
2753 2716 3224 2813 interpretatio
3242 2774 3261 2803 ,
3311 2716 3434 2787 sed
3483 2716 3766 2789 minime
3809 2723 4040 2813 potest
4078 2715 4340 2788 absolvi

1308 2838 1377 2898 et
1442 2830 1711 2924 perfici,
1776 2831 1911 2903 nisi
1978 2833 2241 2905 accedit
2294 2834 2726 2931 antiquitatis
2769 2834 3071 2932 cognitio
3121 2860 3207 2907 ex
3258 2835 3428 2933 ipsis
3469 2833 3778 2908 fontibus
3823 2836 4074 2911 hausta
4117 2844 4190 2907 et
4239 2858 4343 2908 re-

1304 2947 1689 3018 centiorum
1732 2948 2022 3021 lectione
2062 2952 2482 3026 confirmata.
2582 2952 2846 3028 Afferat
2877 2954 3093 3051 igitur
3131 2954 3522 3052 philologus
3565 2962 3834 3053 oportet
3875 2954 4340 3053 cognitionem

1305 3061 1699 3135 historicam
1738 3066 1985 3138 veteris
2020 3068 2204 3153 aevi,
2244 3092 2383 3166 qua
2412 3094 2522 3143 res
2545 3070 2791 3143 civiles
2829 3078 2897 3143 et
2937 3071 3300 3159 literariaS,
3340 3075 3746 3172 omniaque,
3785 3098 3961 3172 quae
3993 3076 4082 3147 ad
4121 3074 4340 3146 vitam
4424 3122 4439 3134 ·

1308 3205 1468 3253 cum
1518 3180 1871 3277 publicam
1916 3191 2070 3257 tum
2110 3186 2447 3283 privatam
2491 3190 2876 3286 pertinent,
2926 3190 3049 3264 ubi
3091 3216 3266 3289 opus
3312 3193 3558 3281 fuerit,
3605 3194 3944 3269 illustrare
3981 3194 4216 3292 possit.

1406 3300 1751 3398 Campum
1818 3302 2065 3377 videtis
2124 3304 2445 3380 immensi
2507 3309 2855 3397 ambitus,
2895 3336 3130 3409 quem
3187 3337 3390 3387 nemo
3444 3338 3628 3387 unus
3671 3315 4030 3387 decurrere
4063 3321 4337 3412 potest,

1307 3428 1378 3491 et
1435 3419 1509 3491 in
1575 3445 1714 3516 quo
1755 3422 2043 3496 colendo
2084 3432 2242 3523 post
2278 3433 2385 3499 tot
2424 3429 2858 3504 saeculorum
2889 3430 3156 3505 labores
3200 3440 3272 3505 et
3321 3440 3592 3506 nostrae
3641 3441 3710 3506 et
3752 3441 4186 3531 posterorum
4231 3434 4338 3505 in-

1306 3538 1649 3625 (lustriae,
1693 3540 1964 3615 etiamsi
1985 3566 2161 3617 nova
2187 3546 2532 3641 praesidia
2559 3548 3006 3624 inveniuntur
3026 3552 3256 3639 nulla,
3279 3553 3624 3650 permulta
3646 3553 3916 3652 agenda
3941 3560 4336 3661 supersunt.

1400 3658 1555 3753 Age
1594 3681 1781 3733 nunc
1827 3662 1914 3734 A.
1962 3660 2061 3735 H.
2104 3662 2629 3739 consideremus
2662 3693 2785 3755 ea,
2834 3670 2908 3743 in
2951 3671 3208 3768 quibus
3247 3672 3579 3770 philologi
3615 3672 3958 3748 industria
3993 3683 4332 3761 versatur,

1306 3783 1383 3845 ut
1434 3799 1777 3877 quaenam
1825 3778 2089 3853 utilitas
2137 3807 2223 3854 ex
2270 3780 2357 3855 iis
2406 3784 2655 3858 studiis
2703 3786 3192 3887 laboribusque
3242 3791 3498 3890 sperari
3543 3792 3762 3890 possit
3807 3802 4148 3891 appareat.

1408 3894 1483 3965 Si
1518 3918 1741 3968 sermo
1769 3897 1944 3972 illud
1982 3908 2117 3987 est,
2159 3926 2299 3999 quo
2330 3927 2471 3976 uno
2501 3904 2609 3977 vel
2641 3904 2939 3980 maxime
2969 3916 3397 4007 praestamus
3435 3911 3624 3999 10110,
3663 3912 3721 3984 si
3754 3920 3866 3985 est
3891 3912 4332 3985 simulacrum

1309 4015 1561 4086 mentis
1618 4018 2004 4117 animique,
2066 4024 2263 4097 cuius
2329 4024 2399 4095 vi
2463 4030 2534 4095 et
2601 4025 3278 4123 comprehenduntur
3313 4054 3544 4105 rerum
3587 4038 3790 4105 notae
3833 4040 3907 4105 et
3949 4031 4338 4105 retinentur

1309 4142 1379 4205 et
1449 4134 1937 4212 discernuntur
2000 4145 2108 4213 et
2122 4142 2602 4216 consociantur
2641 4152 2711 4216 et
2753 4146 2900 4219 sine
2951 4172 3090 4244 quo
3142 4172 3266 4245 per
3313 4156 3532 4224 totam
3576 4150 3785 4225 vitam
3835 4152 4334 4238 titubaremuS,

1305 4254 1463 4349 quis
1524 4264 1733 4351 neget
1780 4252 2135 4357 imprimis
2172 4262 2341 4334 utile
2388 4286 2537 4335 esse
2591 4264 2936 4367 studium,
2984 4268 3172 4363 quod
3219 4268 3513 4367 ponitur
3545 4270 3617 4342 in
3671 4270 3756 4343 iis
3808 4267 4102 4369 linguis,
4153 4294 4338 4367 quae
4458 4348 4464 4351 ,

1309 4396 1351 4441 a
1413 4371 1804 4447 sollertibus
1870 4379 2147 4476 populis
2210 4379 2541 4454 formatae
2606 4408 2684 4455 ac
2739 4384 3093 4481 perfectae
3141 4395 3212 4460 et
3253 4414 3296 4462 a
3343 4389 3634 4463 summis
3679 4388 3976 4488 ingeniis
4021 4390 4338 4463 excultae

1311 4498 1474 4560 sunt
1546 4516 1625 4563 ac
1698 4496 2119 4592 perpolitae?
2214 4498 2443 4572 Nemo
2514 4524 2722 4575 sanus
2785 4502 3048 4601 ingenii
3117 4515 3563 4583 monumenta
3581 4567 3601 4597 ,
3671 4534 3850 4607 quae
3924 4509 4337 4583 recentiores

1312 4629 1437 4679 sua
1492 4610 1787 4708 quisque
1832 4614 2072 4715 lingua
2113 4626 2533 4717 exegerunt,
2579 4620 2847 4695 fastidit
2887 4630 2960 4697 et
2993 4624 3185 4712 odit,
3233 4650 3460 4724 neque
3496 4654 3582 4702 ex
3621 4628 3749 4703 hac
3791 4630 4144 4703 literarum
4180 4630 4330 4701 luce

1307 4724 1528 4797 redire
1581 4730 1773 4826 cupit
1819 4732 1893 4805 in
1939 4759 2019 4808 ea
2062 4744 2407 4836 tempora,
2457 4764 2676 4837 quum
2718 4768 2804 4817 ex
2845 4745 3145 4819 tenebris
3191 4745 3406 4820 'medii
3452 4746 3602 4821 aevi
3635 4750 3916 4847 Europa
3970 4772 4326 4847 emergens

1302 4867 1519 4917 novae
1564 4849 1763 4941 quasi
1808 4851 1985 4926 vitae
2045 4855 2355 4931 subsidia
2398 4871 2716 4955 quereret
2765 4890 2803 4937 e
2843 4874 3156 4944 revocato
3197 4865 3428 4941 studio
3467 4866 3872 4945 Latinarum
3911 4864 4076 4943 mox
4117 4868 4330 4943 etiam
