4967 6217
1827 711 2378 778 OR-ATIO.
3139 758 3147 767 .
3493 708 3618 775 125

688 924 919 999 Etiam
980 924 1135 997 illae
1196 928 1423 1020 partes
1468 921 1923 995 institutionis
1964 921 2271 995 medicae
2290 978 2310 1007 ,
2361 942 2540 1017 quae
2592 916 2682 991 ad
2724 917 3224 1015 propaedeusin
3269 916 3640 993 medicam·

592 1048 944 1141 spectant,
1010 1039 1355 1115 anatomia
1400 1037 1883 1136 microscopica
1936 1044 2008 1112 et
2059 1035 2500 1149 physiologia·
2549 1034 3098 1134 experimentalis
3117 1095 3137 1125 ,
3200 1035 3610 1137 indigebant

594 1152 755 1237 loco'
784 1168 945 1260 apto
962 1220 982 1250 ,
1030 1159 1155 1234 ubi
1198 1167 1673 1234 exercerentur
1715 1165 1785 1231 et
1824 1157 2248 1231 docerentur.
2350 1155 2540 1231 Huic
2589 1178 2866 1253 quoque
2911 1154 3250 1231 desiderio
3301 1156 3606 1232 satisfiet.
3727 1258 3738 1265 .

591 1280 681 1353 Id
742 1288 977 1356 autem
1026 1279 1209 1367 fieri,
1275 1277 1623 1353 academia
1678 1276 1886 1350 debet
1940 1276 2237 1350 maxime
2292 1282 2555 1349 vestrae
2606 1299 2850 1372 operae
2892 1274 2966 1348 in
3012 1276 3140 1351 hac
3188 1300 3262 1351 re
3305 1276 3568 1375 positae
3585 1336 3604 1365 ‚

590 1398 718 1471 viri
771 1398 1211 1499 amplissimi,
1273 1396 1661 1493 academiae
1723 1395 2104 1469 curatores!
2203 1394 2529 1490 Impense
2584 1391 2730 1465 Vos
2785 1393 2872 1467 de
2929 1393 3078 1467 hac'
3101 1420 3176 1469 re
3223 1404 3612 1494 praesentes

488 1522 505 1539 ‘
593 1518 873 1593 laudare
896 1576 915 1607 ,
962 1518 1077 1589 vix
1127 1515 1357 1603 decet;
1408 1514 1620 1589 nolite
1660 1520 1893 1588 tamen
1933 1534 2245 1588 recusare
2286 1510 2502 1605 animi
2543 1511 2724 1611 grati
2765 1511 2982 1586 nostri
3023 1513 3610 1612 significationem:

688 1755 997 1831 Tandem
1061 1755 1151 1829 ad
1214 1755 1361 1828 Vos
1416 1780 1531 1830 me
1586 1762 1905 1847 converto
1927 1814 1946 1843 ‚
1995 1756 2277 1829 iuvenes
2322 1753 2604 1853 optimi!
2674 1776 2970 1852 quorum
3015 1778 3127 1828 res
3187 1754 3302 1830 hic
3360 1756 3608 1855 agitur.

588 1877 820 1951 Etiam
881 1875 1010 1951 hoc
1068 1899 1253 1949 anno
1313 1874 1454 1948 iam
1514 1874 1748 1973 elapso
1818 1874 2049 1967 dolore
2112 1872 2342 1947 affecti
2401 1873 2568 1947 estis
2617 1898 2704 1947 ex
2755 1880 2984 1947 morte
3029 1874 3576 1949 commilitonum
3593 1933 3612 1962 ‚

586 2014 795 2094 quem
842 2004 1317 2096 praeceptores
1375 1994 1582 2068 vestri
1643 1993 1813 2068 item
1874 2000 2255 2067 senserunt.
2354 1992 2706 2068 Lumrsn
2748 1993 2955 2066 vestri
2997 1991 3136 2067 iam
3179 1992 3618 2067 continentur

587 2114 831 2189 eodem
872 2115 1183 2213 sepulcro
1210 2173 1229 2202 ‚
1277 2139 1417 2213 quc
1464 2112 1679 2212 patris
1699 2171 1719 2200 ,
1760 2112 2109 2211 reliquiae.
2210 2113 2424 2211 Spem
2445 2169 2466 2199 ,
2517 2135 2730 2209 quam
2778 2110 2868 2185 de
2921 2136 3003 2185 eo
3053 2136 3573 2212 susceperamus
3593 2172 3612 2201 ‚

589 2234 829 2309 fefellit
887 2243 1321 2333 praematura
1382 2239 1454 2307 et
1510 2231 1756 2307 acerba
1818 2256 2023 2333 mors.
2135 2231 2369 2307 Etiam
2414 2238 2640 2305 vester
2683 2231 3064 2305 Ioninnns
3111 2231 3613 2309 cnmsnmus

584 2356 1053 2428 Faunus-rcus
1105 2354 1289 2426 Tau>
1340 2351 1719 2427 exstinctus
1767 2357 1911 2439 est,
1958 2350 2228 2424 iuvenis
2273 2348 2568 2425 candido
2613 2348 2846 2422 animo
2883 2355 2956 2421 et
2994 2348 3249 2446 prob0,
3301 2351 3424 2448 qui
3468 2351 3636 2453 sine,

587 2472 801 2547 dubio
853 2472 1265 2547 honoratum
1305 2478 1765 2570 occupaturus
1804 2476 1951 2545 erat
2001 2469 2229 2544 locum
2280 2468 2355 2542 in
2406 2468 2548 2542 vita
2588 2467 2770 2541 civili
2787 2525 2807 2555 ,
2855 2466 2930 2541 in
2979 2491 3191 2567 quam
3238 2469 3428 2543 brevi
3473 2478 3616 2545 erat

584 2593 1021 2669 transiturus,
1904 2598 1907 2603 ’

679 2713 1093 2811 Numquam
1145 2711 1399 2810 lugetis
1460 2716 1754 2783 mortem
1802 2707 2093 2806 alicuius
2134 2706 2622 2813 commilitonis
2666 2706 2874 2780 vestri
2891 2764 2912 2795 ,
2960 2708 3134 2805 quin
3181 2708 3610 2784 animadver-

582 2842 815 2907 tamus
835 2889 857 2920 ,
924 2856 1139 2930 quam
1202 2829 1403 2929 quasi
1466 2828 1765 2904 fraterno
1837 2852 2066 2925 amore
2114 2826 2259 2901 Vos
2306 2833 2554 2900 mutuo
2605 2825 3138 2925 amplectamini.
3235 2828 3617 2903 Vinculum

584 2959 730 3026 tam
773 2958 1041 3025 arctum
1086 2950 1230 3024 Vos
1274 2948 1675 3023 coniunctos
1722 2954 1955 3021 tenere
1973 3004 1994 3036 ,
2056 2944 2276 3020 Vobis
2328 2942 2520 3018 laudi
2563 2951 2706 3032 est3
2755 2967 2985 3043 neque
3031 2945 3218 3020 enim
3259 2945 3394 3021 nisi
3437 2946 3619 3021 inter

582 3071 801 3144 bonos
863 3067 1166 3144 amicitia
1228 3092 1377 3143 esse
1441 3073 1691 3169 potest.
1797 3067 1951 3140 Nec
2002 3064 2225 3139 solum
2272 3064 2401 3137 hoc
2440 3062 2516 3137 in
2567 3060 2783 3137 Vobis
2828 3064 3073 3153 laudo;
3137 3064 3617 3141 lubentissime

580 3188 769 3263 enim
832 3194 1049 3263 testor
1112 3212 1195 3262 eo
1239 3194 1545 3286 tempore
1589 3184 1779 3261 omni
1798 3243 1819 3274 ‚
1870 3209 2010 3286 quo
2054 3183 2335 3259 rectoris
2378 3205 2664 3258 munere
2707 3180 2991 3257 functus
3035 3208 3192 3258 sum
3211 3240 3232 3273 ‚
3281 3185 3458 3259 nihil
3499 3208 3612 3259 me

580 3334 623 3382 a
685 3305 905 3381 Vobis
972 3332 1121 3381 esse
1192 3302 1551 3405 expertum
1568 3363 1587 3394 ‚
1651 3304 1789 3379 nisi
1852 3304 2041 3403 quod
2096 3310 2375 3403 gratum
2437 3300 2612 3375 mihi
2675 3299 3019 3377 acciderit.
3119 3301 3260 3376 Sed
3322 3302 3398 3375 in
3451 3327 3610 3377 con-
3670 3360 3678 3369 .

520 3416 529 3425 ’
584 3425 937 3500 iunctione
994 3432 1219 3501 vestra
1279 3432 1351 3500 et
1410 3432 1661 3498 mutua
1716 3430 1942 3497 vestra
1999 3422 2140 3497 fide
2203 3422 2386 3495 inest
2444 3443 2720 3519 quoque
2773 3420 2882 3509 id,
2932 3421 3123 3519 quod
3172 3421 3436 3497 bonum
3487 3423 3615 3498 hoc

586 3552 893 3644 tempore
976 3554 1082 3619 est
1152 3544 1451 3645 signum.
1574 3542 1770 3622 Quid
1852 3540 2093 3616 enim?
2208 3539 2479 3614 Fierine
2557 3548 2825 3638 posset,
2895 3547 2978 3616 ut
3043 3541 3231 3631 inter
3300 3542 3444 3617 Vos
3515 3544 3614 3619 ita

582 3663 935 3739 coniuncti
992 3664 1269 3752 essetis,
1338 3662 1400 3737 si
1454 3661 1665 3736 nimis
1730 3656 1996 3759 magna
2046 3658 2119 3733 in
2182 3658 2402 3733 Vobis
2470 3664 2863 3733 cerneretur
2928 3659 3145 3735 animi
3215 3660 3614 3761 ingeniique

582 3782 814 3857 cultus
860 3781 1245 3857 differentia
1258 3784 1293 3855 Ρ

682 3902 867 3977 Cum
912 3903 1143 3977 aditus
1184 3901 1274 3976 ad
1332 3900 1755 3977 academiam
1796 3907 1957 3975 ante
2001 3900 2126 3973 hos
2176 3899 2351 3973 duos
2393 3922 2612 3972 annos
2653 3894 3028 3993 unicuique
3073 3904 3308 3996 patere
3347 3901 3572 3998 coepit
3592 3959 3611 3988 ,

585 4020 796 4095 etiam
834 4002 921 4095 iis
942 4080 961 4111 ,
1013 4022 1133 4120 qui
1182 4046 1321 4096 non
1372 4021 1447 4094 in
1503 4018 1753 4094 studiis
1804 4043 2087 4119 pergere
2110 4076 2131 4105 ,
2180 4017 2305 4093 sed
2346 4041 2586 4091 eorum
2637 4016 2917 4090 initium
2966 4016 3185 4092 facere
3243 4017 3574 4094 deberent
3591 4068 3621 4107 ‚-

587 4146 817 4214 metus
854 4148 999 4215 erat
1034 4164 1123 4214 ne
1156 4141 1311 4215 talis
1350 4139 1840 4214 dissimilitudo
1883 4138 2065 4211 inter
2096 4136 2241 4210 Vos
2286 4135 2596 4211 oriretur.
2698 4134 2912 4213 Quod
2943 4134 3003 4209 si
3037 4135 3299 4211 factum
3329 4136 3574 4210 fuisset
3592 4196 3610 4223 ‚

586 4281 727 4334 non
790 4268 897 4333 est
950 4260 1139 4357 quod
1199 4259 1423 4335 dicam
1447 4318 1467 4347 ,
1536 4258 1613 4332 id
1676 4257 1967 4331 noxium
2020 4255 2335 4331 futurum
2386 4256 2598 4331 fuisse
2639 4262 2790 4331 tum
2841 4256 3264 4331 institutioni
3308 4263 3606 4345 vestrae,

586 4360 741 4453 tum
815 4386 1041 4453 vestro
1103 4380 1467 4454 consensui
1529 4379 1844 4453 fraterno,
1962 4377 2109 4451 Iste
2166 4385 2396 4451 metus
2460 4384 2692 4451 tamen
2714 4435 2733 4464 ‚
2796 4375 3049 4475 partim
3107 4384 3322 4463 certe,
3394 4400 3614 4451 vanus

587 4496 759 4584 fuit3
828 4495 1129 4569 maxime
1195 4521 1354 4570 vero
1421 4521 1635 4571 vanus
1698 4502 1805 4570 est
1866 4494 2091 4569 factus
2148 4502 2427 4594 propter
2482 4494 2890 4594 sapientiam
2936 4500 3339 4593 parentum,
3388 4516 3612 4592 quum

586 4615 791 4714 pauci
826 4622 1103 4690 tantum
1147 4614 1547 4690 advenerint
1584 4617 1865 4690 iuvenes
1892 4615 2083 4689 nullo
2114 4615 2323 4689 modo
2359 4616 2779 4714 praeparati;
2832 4638 3050 4689 vanus
3081 4614 3290 4689 etiam
3329 4621 3608 4713 propter

584 4734 1017 4834 diligentiam
1083 4735 1538 4835 plurimorum
1593 4736 2032 4811 advenarum.
2152 4734 2381 4808 Etiam
2432 4734 2594 4809 huic
2640 4734 2741 4809 rei
2794 4733 3126 4809 debemus
3174 4732 3323 4808 fieri
3369 4758 3570 4833 posse
3589 4792 3608 4821 ‚

588 4864 668 4931 ut
715 4855 1143 4931 fortunatum
1192 4855 1667 4954 praedicemus
1716 4878 1979 4930 annum
2026 4853 2357 4952 elapsum.
