4967 6217
1837 662 2392 732 ORATIO.
3522 664 3603 731 19

467 859 475 865 ’
585 869 992 946 declaranda
1033 870 1106 943 in
1153 868 1342 943 illam
1391 867 1798 968 susciperet,
1865 897 2042 971 quae
2088 872 2388 945 hominis
2443 895 2606 945 cum
2654 870 2807 945 Deo
2867 875 3178 967 spectant
3228 892 3350 967 per
3404 867 3601 941 Chri-

585 998 772 1064 stum
813 990 1450 1064 reconciliationem.
1537 1018 1572 1057 ιι
1589 990 1783 1067 Quid
1825 992 2008 1064 enim
2044 992 2301 1091 profuit
2339 991 2619 1077 nobis,''
2668 987 2929 1086 inquit,
2978 1017 3012 1056 ιι
3029 986 3603 1061 Scholasticorum

584 1135 708 1207 per
765 1117 868 1182 tot
928 1111 1065 1183 iam
1119 1110 1345 1183 secula
1391 1108 1466 1180 in
1517 1108 1870 1203 Mysteriis
1915 1108 2066 1181 istis
2119 1108 2609 1183 desudantium
2659 1108 2915 1181 curaP'’
3022 1135 3057 1174 ιι
3074 1106 3232 1179 Ηοο
3282 1130 3439 1178 vero
3500 1115 3607 1179 est

585 1229 942 1303 Christum
1013 1250 1417 1327 cognoscere
1437 1282 1458 1313 ‚
1530 1224 1863 1298 beneficia
1929 1224 2077 1299 eius
2133 1251 2574 1325 cognoscere,
2645 1251 2787 1301 non
2802 1282 2823 1315 ‚
2894 1225 3084 1323 quod
3144 1225 3261 1299 alii
3326 1225 3603 1311 volunt,

585 1354 866 1422 naturas
919 1349 1070 1423 eius
1111 1367 1518 1443 cognoscere
1565 1344 1675 1417 vel
1721 1344 1961 1416 modos
2011 1344 2571 1419 incarnationis.’'

681 1468 783 1541 At
839 1467 935 1539 sic
995 1466 1512 1543 MnnAncnroN
1533 1518 1553 1549 ‚
1621 1486 1750 1535 nec
1807 1462 2254 1538 dissentiente
2317 1465 2675 1539 Ln'rnnao
2696 1522 2715 1551 ‚
2740 1546 2759 1561 .
2787 1463 2959 1537 dum
3026 1462 3321 1537 iuvenile
3382 1452 3607 1537 adhuc

585 1587 816 1685 vigore
864 1582 1256 1682 spectabilis
1307 1598 1610 1680 suaeque
1658 1581 1909 1655 indolis
1963 1583 2246 1657 omnino
2292 1583 2631 1683 practicae
2686 1583 2956 1657 conscia
3004 1581 3137 1655 sibi
3190 1582 3609 1656 Reformatio

585 1710 750 1778 erat.
835 1706 1202 1779 Quantum
1244 1724 1402 1775 vero
1444 1701 1622 1775 hanc
1671 1727 1868 1775 suam
1914 1704 2282 1777 mutaverit
2321 1711 2677 1789 naturam,
2717 1702 2795 1774 id
2828 1702 2938 1775 vel
2978 1701 3306 1798 repetitae
3342 1725 3609 1774 eorum-

585 1823 745 1897 dem
775 1824 1098 1895 Locorum
1139 1822 1580 1895 Communium
1607 1820 1942 1896 editiones
1971 1830 2330 1897 testantur.
2433 1822 2547 1897 Sic
2584 1822 2769 1895 enim
2796 1828 3161 1920 perpetu0,
3210 1820 3612 1894 emendatae

587 1942 842 2017 scilicet
859 2000 880 2030 ‚
929 1941 1306 2040 prodeunt,
1356 1950 1436 2015 ut
1485 1941 1804 2016 habitum
1847 1943 2144 2038 induant
2188 1943 2411 2041 magis
2463 1942 2823 2040 magisque
2871 1964 3057 2013 mere
3105 1939 3574 2036 dogmaticum
3592 1996 3610 2023 ,

586 2085 712 2135 nec
777 2062 1064 2135 tandem
1131 2060 1330 2135 vacui
1393 2058 1531 2133 sint
1583 2061 1725 2134 ullo
1795 2086 2032 2135 eorum
2052 2120 2071 2149 ,
2143 2087 2320 2159 quae
2375 2064 2796 2137 Graecorum
2868 2060 3035 2136 olim
3085 2057 3613 2158 philosophandi

588 2181 932 2254 subtilitas
984 2180 1322 2278 practicae
1378 2178 1838 2255 admiscuerat
1884 2181 2251 2280 Euangelii
2300 2180 2743 2280 simplicitati.
3066 2252 3080 2259 ,

685 2300 874 2373 Hinc
921 2323 1116 2386 vero,
1185 2297 1346 2371 hinc
1364 2354 1386 2384 ‚
1450 2299 1536 2372 A.
1566 2298 1657 2373 A.
1705 2306 2064 2397 tamquam
2121 2327 2208 2376 ex
2269 2303 2626 2376 Pandorae
2678 2300 2977 2398 quadam
3043 2300 3297 2397 pyxide
3318 2358 3337 2388 ‚
3404 2320 3614 2395 quam

585 2417 842 2504 tristia,
875 2440 1084 2515 quam
1116 2414 1289 2490 adeo
1311 2414 1512 2489 foeda
1541 2440 1620 2489 ac
1659 2418 1886 2515 turpia
1917 2420 2298 2516 prodierint
2316 2479 2335 2508 ‚
2371 2421 2639 2495 utinam
2660 2477 2680 2505 ‚
2712 2419 2897 2491 salva
2918 2418 3267 2491 Historiae
3298 2416 3615 2500 veritate,

585 2538 658 2609 in
701 2544 980 2609 aeterna
1039 2542 1270 2632 posset
1333 2533 1674 2610 oblivione
1735 2538 1984 2613 latere!
2085 2541 2186 2613 At
2233 2540 2396 2613 felix
2417 2552 2444 2625 ,’
2488 2562 2697 2636 quem
2745 2537 2965 2611 aliena
3016 2536 3269 2611 faciant
3318 2533 3619 2633 pericula

586 2664 891 2731 cautum.
992 2656 1289 2727 Exstant
1333 2654 1520 2727 enim
1572 2656 1884 2753 publice,
1954 2658 2142 2732 unde
2211 2666 2481 2745 nostra,
2550 2657 2737 2730 unde
2796 2656 3071 2752 sequior
3120 2657 3362 2729 saltem
3428 2662 3619 2725 aetas

587 2774 996 2874 sapientiam
1049 2773 1308 2861 discat5
1369 2772 1525 2845 lites
1589 2775 2066 2851 acerbissimae
2123 2776 2280 2851 illae
2341 2783 2414 2850 at
2477 2774 2943 2849 infructuosae
2962 2832 2982 2861 ,
3032 2774 3121 2847 de
3168 2773 3304 2847 Dei
3358 2769 3621 2845 arcanis
3686 2860 3693 2865 ·

585 2894 768 2969 inter
818 2894 1004 2993 ipsos
1047 2893 1514 2965 Protestantes
1561 2913 1747 2965 nunc
1796 2894 2116 2992 agitatae.
2216 2897 2513 2969 Exstant
2560 2894 2709 2968 dira
2764 2893 2883 2967 illa
2944 2892 3033 2966 de
3094 2890 3619 2966 Antitrinitariis

589 3024 866 3111 sumpta
907 3009 1242 3108 supplicia
1259 3066 1281 3098 ,
1333 3009 1652 3083 Snnvn'rr
1684 3011 2024 3112 imprimis
2055 3013 2450 3097 miserabile
2488 3013 2729 3087 fatum.
2811 3012 2909 3084 O!
2962 3035 3109 3085 rem
3151 3009 3621 3085 incredibilem

589 3154 996 3229 semperque
1059 3127 1472 3226 lugendam!
1552 3130 2051 3228 Inquisitorum
2105 3134 2484 3207 haereticae
2538 3132 2895 3231 pravitatis
2944 3156 3229 3205 munere
3289 3131 3428 3204 iam
3490 3130 3624 3228 ipsi

587 3252 688 3325 illi
731 3276 918 3325 nunc
965 3250 1358 3346 funguntur
1413 3246 1727 3324 homines
1783 3253 2313 3327 Reformationis
2355 3253 2509 3327 luce
2563 3252 2784 3327 beati!
2884 3252 3003 3325 Ad
3062 3252 3377 3323 flammas
3429 3251 3621 3323 dam·

588 3380 796 3447 natur
817 3429 839 3458 ‚
903 3394 1042 3443 non
1099 3367 1466 3463 Euangelii
1533 3369 1959 3445 adversarius
1978 3430 1998 3459 ,
2061 3397 2200 3445 non
2255 3374 2378 3469 qui
2428 3370 3081 3467 Christibeneficia
3124 3368 3427 3465 respuit,
3500 3368 3623 3441 sed

591 3491 715 3588 qui
763 3491 898 3563 alio
918 3545 939 3575 ‚
989 3512 1197 3585 quam
1243 3486 1588 3559 Ecclesiae
1637 3489 1802 3563 olim
1845 3490 2140 3587 placuit,
2189 3492 2396 3565 modo
2418 3549 2438 3578 ,
2506 3474 3101 3587 interpretandum
3153 3494 3383 3561 censet
3438 3510 3621 3583 mys·

591 3608 844 3681 terium
897 3606 1052 3680 Dei.
1153 3606 1367 3692 Ecce,
1418 3630 1584 3703 rogo
1638 3607 1785 3705 jam
1843 3610 2092 3684 adstat.
2190 3610 2316 3683 Pie
2368 3633 2598 3708 genua
2641 3608 2875 3681 flectit.
2978 3606 3335 3679 Christum
3382 3606 3621 3679 Serva·

591 3736 810 3801 torem
887 3750 966 3799 ac
1032 3724 1414 3798 Dominum
1480 3725 1772 3801 invocat.
1881 3758 1917 3797 ιι
1930 3730 2096 3802 Iesu
2167 3728 2438 3802 Christe
2453 3730 2521 3816 ‚''
2592 3727 2823 3824 inquit
2904 3756 2939 3794 ιι
2958 3725 3218 3799 aeterni
3280 3724 3414 3798 Dei
3482 3724 3621 3813 fili,

547 3944 555 3949 .
593 3846 912 3921 miserere
955 3845 1173 3919 mei!'’
1244 3844 1634 3919 Christiane
1677 3854 2030 3946 precatum
2071 3874 2232 3921 eum
2269 3873 2388 3921 vos
2423 3848 2709 3921 fortasse
2752 3844 3079 3919 dixeritis
3156 3844 3380 3918 Aliter
3419 3866 3577 3917 vero
3598 3900 3619 3931 ‚

595 3965 716 4065 qui
782 3974 930 4039 tum
951 4022 972 4052 ‚
1047 3963 1518 4037 consolaturus
1587 3966 1842 4040 scilicet
1859 4025 1880 4055 ,
1951 3968 2272 4041 morienti
2335 3966 2691 4052 adstabat,
2765 3965 2923 4063 pius
2965 3972 3199 4037 tamen
3248 3963 3361 4037 ille
3402 3972 3619 4060 atque

597 4088 879 4174 doctus,
925 4087 1336 4159 FAanLLus.
1438 4085 1794 4161 Christum
1816 4146 1835 4174 ‚
1885 4112 2023 4162 non
2080 4117 2118 4158 ιι
2138 4088 2396 4162 aeterni
2447 4086 2582 4159 Dei
2630 4085 2852 4159 filium
2872 4087 2939 4172 ,’'
3001 4084 3125 4158 sed
3176 4112 3211 4153 ιι
3229 4084 3617 4157 aeternum''

595 4207 994 4304 profiteatur
1059 4234 1096 4273 ιι
1120 4203 1344 4277 filium
1394 4203 1529 4277 Dei
1547 4206 1615 4290 ,’'
1677 4207 2170 4280 moribundum
2220 4208 2552 4281 hortatur.
2654 4205 2812 4279 Hoc
2868 4228 3024 4277 vero
3078 4229 3151 4277 se
3214 4202 3397 4278 salva
3454 4226 3614 4275 con-

597 4324 884 4399 scientia
897 4380 916 4409 ‚
961 4338 1164 4421 posse
1201 4322 1410 4395 miser
1444 4323 1558 4397 ille
1603 4325 1979 4401 Snnvn'rus
2017 4327 2312 4425 negavit.
2343 4370 2440 4385 -
2474 4327 2541 4399 Ο
2577 4325 2919 4399 imbecilla
2935 4383 2955 4412 ,
3006 4325 3073 4397 Ο
3106 4348 3305 4397 coeca
3337 4322 3617 4419 ingenia

598 4442 990 4518 hominurn!
1043 4442 1108 4512 O
1157 4440 1268 4515 sui
1301 4440 1444 4515 iam
1491 4442 1896 4520 dissimilem
1934 4446 2276 4520 Ecclesiae
2321 4445 2945 4520 Reformationeml
3047 4443 3247 4519 Quae
3286 4440 3617 4515 nimirum

597 4564 1122 4639 intermortuam
1181 4560 1322 4633 vim
1379 4566 1586 4657 atque
1639 4562 1942 4638 indolem
1983 4564 2348 4661 Euangelii
2395 4566 2767 4662 practicam
2814 4562 2889 4635 in
2933 4562 3146 4635 vitam
3197 4569 3380 4635 esset
3426 4585 3615 4635 revo-

599 4689 832 4757 catura
847 4738 866 4767 ,
935 4678 1101 4752 haec
1159 4703 1285 4752 sua
1351 4679 1490 4751 vice
1507 4737 1527 4766 ,
1592 4681 1758 4755 haec
1826 4682 1978 4779 ipsa
2043 4684 2140 4757 sic
2205 4684 2280 4756 in
2354 4683 2798 4781 dogmatismi
2866 4682 3114 4756 vitium
3171 4681 3429 4757 labitur
3444 4739 3465 4770 ,
3538 4688 3621 4753 ut

603 4802 748 4877 dati
793 4800 928 4875 sibi
972 4826 1014 4875 a
1059 4799 1214 4877 Deo
1262 4800 1570 4875 muneris
1617 4801 1776 4884 iam,
1798 4802 2024 4877 omnis
2065 4803 2296 4878 nescia
2343 4803 2679 4879 videatur.

3091 4924 3134 4994 3
3150 4922 3191 4965 ’1
