4967 6217
1381 696 1468 761 14
1643 764 1662 771 ἡ
1759 782 1766 789 .
2359 693 2687 763 mcoLAI
2730 691 3192 761 cumanam
3236 694 3424 759 msr

1386 901 1678 1001 gratiam
1731 900 1865 975 Dei
1915 900 2248 989 declarat,
2298 907 2381 977 ut
2421 902 2741 976 instituat
2786 926 2912 976 nos
2958 902 3047 976 ad
3099 900 3307 975 vitam
3364 899 3663 975 sobriam
3683 958 3703 988 ,
3749 901 4006 976 iustam
4024 960 4044 991 ,
4095 903 4281 1002 piam
4330 906 4411 981 in

1384 1021 1514 1096 hoc
1585 1021 1849 1095 mundo
1909 1020 2283 1118 agendam,
2351 1046 2472 1119 spe
2531 1028 2716 1095 certa
2779 1026 3251 1119 exspectantes
3310 1018 3619 1093 futuram
3680 1020 3939 1119 gloriae
4003 1023 4171 1110 Dei,
4238 1024 4283 1099 i.
4342 1048 4401 1099 e.

1385 1141 1550 1214 Iesu
1598 1140 1855 1213 Christi
1899 1134 2272 1213 Servatoris
2311 1140 2531 1214 nostri
2553 1199 2572 1227 ,
2622 1140 3119 1240 apparitionem
3137 1197 3157 1227 ,
3210 1139 3333 1237 qui
3374 1164 3447 1214 se
3494 1165 3618 1237 pro
3658 1141 3859 1215 nobis
3904 1141 4059 1215 ideo
4084 1142 4405 1233 dederit,

1386 1266 1465 1331 ut
1518 1260 1835 1332 liberaret
1895 1284 2020 1332 nos
2078 1260 2167 1333 ab
2214 1260 2403 1333 omni
2440 1260 2839 1357 iniquitate,
2888 1258 3158 1357 sibique
3209 1259 3359 1357 ipse
3405 1260 3741 1358 populum
3789 1260 4162 1334 vindicaret
4204 1262 4407 1338 bonis

1385 1376 1710 1475 operibus
1761 1378 2078 1451 deditum
2121 1379 2207 1469 ¹).
2389 1436 2398 1447 .

1480 1498 1546 1571 O
1607 1498 1915 1571 benefica
1987 1496 2358 1595 Euangelii
2419 1498 2577 1572 lux!
2691 1499 2757 1572 O
2817 1498 3111 1573 salutare
3175 1500 3464 1597 Deoque
3522 1498 4011 1597 dignissimum
4058 1497 4407 1597 Religioni

1383 1615 1812 1689 Christianae
1876 1616 2280 1713 impositum
2349 1617 2645 1690 munus!
2748 1616 2883 1688 Cui
2934 1624 3003 1689 et
3052 1640 3178 1689 nos
3228 1615 3561 1690 debemus
3606 1615 3943 1713 quicquid
3987 1615 4213 1688 solatii
4259 1624 4365 1694 est
4384 1676 4427 1715 ,‚

1379 1759 1519 1831 quo
1586 1735 2024 1833 indigeamus
2096 1736 2172 1809 in
2229 1735 2436 1809 huius
2497 1735 2675 1809 vitae
2726 1736 3023 1810 caducae
3084 1735 3377 1809 miseriis
3393 1768 3412 1822 ;
3462 1733 3797 1832 quicquid
3838 1732 4077 1807 auxilii
4126 1740 4197 1807 et
4235 1733 4403 1810 inci-

1376 1855 1668 1927 tamenti
1685 1912 1705 1941 ,
1783 1880 1922 1951 quo
1981 1855 2236 1929 inditas
2314 1856 2515 1929 nobis
2579 1882 2622 1930 a
2692 1856 2843 1930 Deo
2916 1855 3247 1929 moralem
3308 1854 3614 1928 indolem
3690 1854 4003 1950 viresque
4071 1853 4405 1950 explicare

1377 1972 1722 2070 possimus
1780 1980 1990 2071 atque
2033 1976 2421 2072 ‘perficere3
2485 1974 2819 2073 quicquid
2879 1975 3176 2073 denique
3227 1973 3393 2047 boni
3412 2030 3435 2060 ,
3490 1972 3722 2060 cuius,
3774 1972 3914 2045 sive
3964 1972 4039 2045 in
4088 1972 4219 2046 hac
4266 1972 4405 2045 sive

1375 2089 1449 2164 in
1501 2090 1737 2165 futura
1785 2092 1953 2181 vita,
2003 2093 2204 2168 nobis
2254 2118 2402 2167 esse
2449 2094 2816 2193 participes
2863 2094 3102 2169 liceat!

1474 2210 1762 2285 Utinam
1797 2234 2064 2311 semper
2103 2214 2180 2287 id
2216 2214 2773 2313 perpendissent,
2824 2213 3081 2311 quibus
3122 2235 3473 2287 summum
3506 2210 3633 2285 hoc
3670 2208 3961 2308 contigit
3991 2208 4403 2291 beneficium

1373 2329 1538 2416 Dei,
1609 2331 1962 2405 mortales!
2081 2334 2244 2407 Non
2315 2334 2412 2409 sic
2430 2393 2452 2422 ,
2521 2333 2783 2408 intacta
2846 2356 3025 2407 nuce
3042 2392 3063 2421 ,
3132 2331 3545 2430 manducare
3595 2336 3928 2429 putamen
3986 2336 4403 2418 tentassent,

1374 2448 1682 2545 spretave
1729 2450 2104 2549 margarita
2146 2453 2222 2525 in
2273 2478 2414 2527 una
2456 2454 2717 2527 concha
2755 2453 3153 2527 haesissent.
3254 2452 3417 2525 Non
3456 2459 3562 2525 tot
3606 2474 3896 2524 numero
3942 2450 4165 2538 rixae,
4213 2451 4367 2526 lites
4383 2446 4402 2541 j

1369 2566 1525 2640 odia
1545 2626 1564 2654 ,
1640 2568 1924 2642 dissidia
1987 2570 2424 2645 acerbissima
2504 2572 2819 2646 homines
2874 2568 3027 2645 luce
3092 2570 3483 2645 Christiana
3544 2570 3783 2663 beatos
3856 2569 4253 2644 turbassent
4322 2596 4403 2645 ac

1373 2686 1874 2761 dilacerassent.
1991 2690 2274 2789 Neque·
2310 2692 2656 2764 videretur
2712 2690 3105 2789 saepissime
3166 2690 3398 2765 divina
3460 2690 3562 2765 vis
3620 2690 3992 2789 Euangelii
4042 2689 4223 2765 inter
4280 2690 4402 2765 ho·

1371 2802 1592 2878 mines
1641 2805 2050 2880 desiderari!

1467 3162 1663 3239 Haec
1714 3164 1972 3239 tristior
2027 3190 2192 3240 sane
2243 3168 2332 3241 A.
2378 3168 2465 3243 A.
2529 3168 2853 3267 cogitatio
2898 3168 3208 3242 animum
3262 3165 3485 3255 subit,
3552 3166 3675 3241 ubi
3732 3167 3873 3241 iam
3926 3190 4009 3240 eo
4064 3190 4138 3239 se
4196 3168 4395 3243 vertit

1370 3284 1608 3357 Oratio
1627 3344 1648 3371 ,
1697 3274 1810 3373 ut,
1863 3286 2054 3383 quod
2093 3286 2164 3359 in
2213 3288 2579 3386 Religione
2622 3311 2977 3363 summum
3042 3292 3183 3375 est,
3249 3287 3595 3384 quomodo
3660 3286 3769 3374 id,
3827 3310 3951 3384 per
4008 3284 4393 3361 seculorum

1368 3401 1765 3491 decursum,
1815 3404 2214 3481 hominibus
2260 3407 2466 3480 fuerit
2516 3415 2915 3505 acceptum,
2966 3406 3285 3480 declaret.
3384 3406 3589 3481 Hanc
3632 3405 3959 3481 nimirum
4004 3403 4177 3477 mihi
4230 3428 4389 3479 cau-

1369 3547 1515 3595 sam
1583 3524 1852 3619 agenti,
1911 3525 2217 3623 profecto
2271 3551 2412 3599 non
2474 3526 2847 3600 laudatoris
2908 3550 3125 3624 aeque
3187 3533 3397 3632 atque
3458 3524 3763 3599 historici
3818 3522 4133 3623 partibus
4192 3510 4395 3621 fungi

1365 3639 1618 3713 licebit.

1465 3760 1616 3831 Nec
1653 3765 1886 3834 tamen
1932 3760 2157 3835 laudis
2195 3762 2631 3862 laetitiaeque
2672 3765 3027 3853 materies,
3076 3764 3217 3838 imo
3263 3789 3421 3839 vero
3468 3762 3837 3850 maximae,
3888 3759 4107 3836 deest.
4206 3760 4391 3835 Nam

1369 3876 1525 3973 quis
1593 3880 1878 3953 tandem
1940 3888 2047 3954 est
2109 3882 2571 3958 humanarum
2634 3908 2861 3958 rerum
2911 3893 3055 3960 tam
3111 3910 3359 3985 parum
3420 3884 3713 3981 diligens
3768 3881 4197 3967 observator,
4269 3879 4390 3979 qui

1365 4018 1506 4069 non
1565 4020 1822 4095 magna
1883 4007 1954 4073 et
2011 3999 2384 4076 ineffabilia
2453 4010 2817 4101 agnoscat,
2884 4028 3061 4102 quae
3126 4004 3473 4101 Religioni
3532 4002 3961 4077 Christianae
4026 3999 4393 4073 hominum

1365 4140 1588 4213 genus
1649 4117 1790 4191 iam
1860 4143 2070 4217 prope
2141 4121 2538 4197 universum
2616 4124 2905 4197 debeat?
3002 4126 3181 4198 Ecce
3200 4181 3221 4212 ,
3290 4123 3431 4197 iam
3501 4146 3778 4197 omnem
3852 4120 4099 4195 mundi
4172 4118 4383 4191 huius

1355 4234 1600 4310 faciem
1649 4245 1720 4309 et
1775 4238 2238 4313 conditionem
2284 4242 2599 4317 mutavit.
2700 4246 2941 4319 Novus
3007 4270 3169 4323 cum
3224 4244 3342 4318 illa
3396 4244 3781 4317 seculorum
3822 4242 3963 4316 iam
4022 4246 4229 4313 natus
4280 4245 4385 4313 est

1359 4355 1542 4431 ordo,
1646 4357 1920 4433 Quodsi
1959 4359 2166 4446 ade0,
2217 4383 2304 4433 ne
2347 4364 2681 4459 perversis
2729 4365 3013 4463 quidem
3060 4364 3420 4439 hominum
3474 4358 3721 4435 studiis
3768 4358 4175 4436 labefactata
4228 4364 4387 4431 um-

1361 4496 1610 4569 quam,
1659 4500 1926 4573 semper
1972 4478 2078 4552 vel
2127 4479 2491 4556 obscurata
2541 4484 2832 4573 luceret,
2884 4486 3325 4584 multumque
3372 4484 3783 4580 degenerata
3839 4505 3881 4554 a
3930 4504 4055 4553 sua
4114 4477 4377 4565 indole,

1357 4600 1589 4663 tamen
1631 4591 1894 4669 fruetus
1938 4622 2192 4698 magno
2237 4625 2527 4676 numero
2564 4602 3045 4681 saluberrimos
3082 4605 3319 4681 ferret:
3370 4601 3671 4703 profecto
3718 4625 3799 4676 eo
3842 4622 4035 4689 ‘nunc
4088 4595 4379 4671 divinior

1435 4847 1492 4923 ι)
1525 4850 1600 4908 ad
1637 4852 1772 4913 ΤΠ.
1811 4854 1876 4912 11
1889 4878 1907 4915 z
1953 4859 2049 4916 11.
2087 4876 2206 4937 sqq.
