4967 6217
1324 662 1331 669 -
1429 632 1512 695 62
1909 704 1916 709 ,
2498 632 2563 697 C.
2635 630 2713 696 G.
2786 626 3453 695 OPZOOMER‘

1435 838 1502 909 vi
1553 843 1763 935 atque
1812 822 2245 911 contentione
2291 835 2368 909 id
2416 836 2601 935 agit,
2650 845 2732 911 ut
2780 861 2855 911 se
2873 894 2895 924 ,
2946 835 3159 911 vitam
3208 858 3595 933 corpusque
3650 841 3960 920 tueatur,
4012 844 4091 907 ut
4139 842 4415 933 pastum
4434 896 4451 921 ,

1433 955 1720 1030 latibula
1739 1014 1760 1044 ,
1811 955 2016 1028 verbo
2073 963 2154 1028 ut
2221 955 2452 1037 omnia
2470 1013 2491 1042 ,
2542 978 2719 1053 quae
2772 961 2937 1027 sunt
3002 952 3093 1027 ad
3162 952 3535 1030 vivendum
3592 952 3974 1027 necessaria
4044 960 4115 1025 et
4184 952 4450 1027 dulcem

1433 1081 1701 1149 motum
1775 1075 2070 1149 afferunt
2143 1075 2460 1149 sensibus
2483 1135 2504 1163 ,
2580 1071 2901 1172 anquirat
2973 1079 3045 1146 et
3112 1078 3325 1170 paret.
3427 1073 3628 1150 Quae
3706 1071 4019 1145 nocitura
4098 1071 4453 1147 videantur

1431 1194 1728 1268 declinat
1745 1253 1767 1283 ,
1815 1202 1898 1268 ut
1960 1195 2034 1269 in
2107 1218 2260 1269 eam
2324 1194 2554 1269 veniat
2618 1192 3080 1267 conditionem
3099 1250 3117 1279 ,
3182 1191 3257 1265 in
3321 1214 3460 1289 qua
3506 1189 3765 1270 laetitia
3820 1191 4076 1289 gestiat
4132 1214 4261 1264 nec
4316 1190 4453 1265 ullo

1423 1313 1654 1388 dolore
1705 1313 2150 1389 excrucietur.

1524 1433 1836 1508 Maxime
1882 1442 2118 1507 autem
2157 1432 2339 1505 inter
2385 1456 2458 1505 se
2506 1431 2835 1506 differunt
2880 1430 3055 1505 vires
3070 1490 3089 1519 ,
3140 1429 3397 1527 quibus
3445 1429 3711 1503 diversa
3756 1430 4161 1505 animalium
4204 1453 4453 1527 genera

1429 1552 1740 1649 praedita
1783 1559 1981 1639 sunt,
2030 1552 2130 1624 ita
2174 1558 2256 1623 ut
2273 1610 2294 1638 ,
2343 1549 2503 1624 licet
2540 1551 2632 1624 ad
2678 1576 3023 1625 summam
3070 1550 3465 1624 felicitatem
3510 1574 3589 1622 ac
3631 1549 4139 1647 jucunditatem
4181 1548 4449 1621 nullum

1429 1672 1822 1771 perveniat,
1873 1672 2006 1747 alia
2067 1678 2303 1744 tamen
2358 1670 2642 1768 propius
2704 1671 3066 1757 accedant,
3117 1669 3249 1743 alia
3317 1668 3717 1766 longissimo
3782 1692 4052 1766 semper
4100 1667 4449 1741 intervallo

1432 1792 1711 1866 distent.
1811 1790 2140 1865 Maximis
2184 1790 2258 1862 in
2313 1790 2513 1864 terris
2559 1788 2819 1862 viribus
2863 1789 3071 1863 homo
3120 1789 3411 1887 gaudet3
3462 1786 3843 1861 humanum
3904 1812 4125 1885 genus
4182 1787 4447 1861 validis·

1433 1912 1710 1983 simum.
1810 1910 2171 1983 Vescimur
2219 1910 2406 1983 enim
2427 1968 2448 1998 ,
2499 1908 2728 2007 inquit
2783 1908 3052 1982 Tullius
3070 1966 3087 1995 ‚
3154 1906 3395 1981 bestiis
3448 1916 3518 1981 et
3577 1908 3863 1981 terrenis
3923 1916 3991 1980 et
4035 1906 4451 2005 aquatilibus

1343 2076 1366 2103 .
1431 2038 1501 2102 et
1543 2028 1975 2117 volatilibus;
2027 2029 2360 2103 efficimus
2409 2029 2619 2103 etiam
2681 2028 2953 2102 domitu
2998 2036 3231 2101 nostro
3277 2026 3804 2126 quadrupedum
3856 2027 4197 2101 vectiones
4216 2084 4235 2113 ,
4285 2052 4449 2125 quo-

1427 2174 1585 2222 rum
1637 2148 1944 2223 celeritas
1991 2156 2200 2247 atque
2261 2149 2362 2223 vis
2413 2148 2616 2222 nobis
2678 2147 2848 2248 ipsis
2912 2148 3108 2222 affert
3169 2147 3311 2221 vim
3376 2154 3447 2220 et
3512 2146 3947 2221 celeritatem.
4050 2147 4201 2219 Nos
4253 2171 4453 2221 onera

1428 2267 1849 2364 quibusdam
1895 2268 2164 2356 bestiis,
2215 2292 2341 2342 nos
2377 2269 2551 2367 juga
2596 2267 3055 2367 imponimus3
3104 2292 3231 2341 nos
3280 2267 3801 2365 elephantorum
3841 2263 4254 2343 acutissimis
4299 2289 4448 2338 sen·

1429 2386 1622 2460 sibus
1644 2445 1664 2474 ,
1713 2412 1839 2461 nos
1885 2388 2256 2486 sagacitate
2303 2412 2553 2463 canum
2612 2389 2703 2463 ad
2754 2388 3129 2462 utilitatem
3178 2394 3483 2463 nostram
3533 2385 3927 2472 abutimur;
3978 2408 4105 2457 nos
4154 2409 4193 2457 e
4238 2392 4451 2459 terrae

1427 2506 1732 2581 cavernis
1779 2507 2040 2580 ferrum
2103 2507 2413 2581 elicimus
2433 2566 2452 2596 ,
2502 2532 2651 2582 rem
2694 2508 2809 2581 ‘ad
2870 2507 3191 2585 colendos
3251 2528 3452 2605 agros
3504 2504 3994 2592 necessariam;
4057 2528 4185 2577 nos
4247 2504 4418 2578 aeris
4435 2564 4452 2591 ,

1427 2625 1729 2723 argenti,
1778 2626 1929 2699 auri
1974 2650 2182 2700 venas
2229 2627 2510 2724 penitus
2572 2625 2847 2701 abditas
2901 2626 3303 2701 invenimus
3322 2684 3343 2715 ,
3414 2632 3491 2699 et
3548 2625 3641 2699 ad
3707 2648 3917 2697 usum
3983 2630 4179 2721 aptas
4239 2632 4309 2697 et
4333 2647 4341 2653 ·
4364 2624 4453 2699 ad

1425 2748 1745 2815 ornatum
1805 2740 2119 2830 decoras;
2170 2741 2495 2816 arborum
2560 2750 2796 2817 autem
2852 2745 3283 2819 consentione
3333 2744 3661 2841 omnique
3704 2743 3989 2819 materia
4034 2751 4107 2817 et
4158 2743 4339 2819 culta
4380 2754 4449 2817 et

1426 2860 1717 2933 silvestri
1777 2860 2029 2958 partim
2088 2862 2178 2934 ad
2223 2861 2765 2936 calefaciendum
2808 2886 3059 2962 corpus
3075 2921 3093 2950 ‚
3143 2863 3293 2962 igni
3339 2864 3648 2939 adhibito
3668 2922 3686 2951 ,
3738 2871 3810 2937 et
3856 2864 3948 2938 ad
3990 2864 4453 2963 mitigandum

1423 2979 1659 3052 cibum
1706 2980 1970 3053 utimur
1984 3038 2003 3067 ,
2053 2979 2306 3079 partim
2367 2980 2458 3055 ad
2515 2981 3020 3055 aedificandum
3040 3040 3059 3069 ,
3110 2989 3190 3056 ut
3245 2984 3443 3056 tectis
3498 2982 3716 3082 saepti
3760 2983 4014 3081 frigora
4064 2984 4453 3082 caloresque

1420 3097 1776 3196 pellamus,
1880 3100 2078 3177 Quas
2113 3122 2222 3173 res
2265 3100 2794 3175 violentissimas
2839 3108 3087 3175 natura
3130 3102 3413 3200 genuit,
3464 3126 3704 3176 earum
3746 3102 4281 3177 moderationem
4326 3127 4453 3179 nos

1421 3216 1548 3290 soli
1591 3216 1927 3291 habemus
1946 3276 1964 3305 ,
1986 3220 2225 3299 ⁴maris
2271 3226 2482 3317 atque
2529 3229 2889 3294 ventorum
2908 3278 2929 3310 ,
2976 3202 3453 3319 plurimisque
3474 3222 3837 3296 maritimis
3892 3222 4113 3319 rebus
4150 3220 4450 3295 fruimur

1420 3346 1628 3434 atque
1675 3337 1957 3411 utimur.
2060 3339 2515 3413 Terrenorum
2559 3340 2729 3413 item
2776 3341 3291 3414 commodorum
3356 3340 3581 3415 omnis
3634 3349 3739 3414 est
3785 3341 3858 3430 in
3906 3340 4175 3415 homine
4222 3338 4444 3413 domi-

1422 3464 1648 3531 natus.
1745 3458 1894 3530 Nos
1969 3459 2230 3555 campis
2249 3516 2269 3547 ,
2341 3482 2468 3532 nos
2534 3459 2892 3533 montibus
2965 3459 3263 3533 fruimur
3278 3493 3297 3547 3
3368 3459 3586 3533 nostri
3658 3468 3823 3534 sunt
3893 3484 4127 3533 amnes
4146 3517 4165 3547 ,
4231 3462 4453 3533 nostri

1421 3576 1644 3661 lacus;
1709 3599 1836 3647 nos
1891 3575 2125 3673 fruges
2186 3576 2477 3665 serimus
2497 3636 2516 3665 ,
2566 3603 2692 3651 nos
2744 3578 3056 3666 arbores;
3122 3603 3250 3652 nos
3299 3603 3637 3675 aquarum
3686 3578 4205 3677 inductionibus
4255 3580 4447 3653 terris

1423 3691 1918 3765 fecunditatem
1989 3692 2265 3779 damus;
2334 3718 2462 3767 nos
2526 3696 2816 3769 flumina
2880 3719 3191 3769 arcemus
3211 3754 3231 3783 ,
3294 3696 3711 3795 dirigimus„
3742 3698 4113 3772 avertimus
4130 3730 4149 3784 ;
4200 3699 4445 3770 nostris

1425 3810 1726 3907 denique
1776 3810 2098 3885 manibus
2162 3812 2234 3885 in
2283 3836 2511 3886 rerum
2575 3804 2822 3887 natura
2883 3813 3082 3912 quasi
3140 3790 3420 3889 alteram
3484 3824 3804 3891 naturam
3868 3818 4221 3891 efficimus.
4320 3818 4447 3891 Est

1425 3927 1635 4026 hujus
1681 3930 1944 4004 roboris
1988 3938 2060 4005 et
2110 3932 2506 4007 dominatus
2550 3958 2760 4009 causa
2802 3934 2877 4008 in
2929 3935 3303 4010 intellectu.
3404 3936 3745 4010 Homines
3811 3936 3997 4008 enim
4015 3994 4033 4023 ‚
4102 3935 4235 4009 etsi
4296 3936 4443 4009 aliis

1421 4048 1662 4121 multis
1680 4106 1699 4136 ,
1750 4048 1823 4122 in
1867 4049 1998 4123 hoc
2041 4074 2182 4124 uno
2229 4076 2272 4125 a
2313 4051 2554 4125 bestiis
2599 4052 2979 4150 plurimum
3034 4054 3391 4144 differunt,
3443 4055 3633 4154 quod
3676 4055 4011 4129 rationem
4059 4053 4361 4129 habeant
4404 4080 4443 4127 a

1421 4174 1668 4242 natura
1709 4167 1942 4242 datam
1959 4226 1979 4255 ,
2027 4176 2470 4267 mentemque
2518 4178 2588 4245 et
2634 4195 2858 4247 acrem
2916 4178 2987 4246 et
3033 4175 3382 4273 vigentem
3404 4234 3424 4263 ,
3475 4200 3653 4273 quae
3698 4182 3770 4249 et
3811 4200 4051 4250 causas
4096 4198 4333 4271 rerum
4373 4184 4442 4248 et

1422 4284 1936 4359 consecutiones
1993 4284 2222 4360 videat
2239 4343 2259 4373 ,
2309 4293 2379 4359 et
2429 4287 2915 4363 similitudines
2960 4293 3362 4381 transferat,
3414 4302 3483 4367 et
3532 4293 3877 4391 disjuncta
3915 4292 4321 4392 conjungat,
4372 4303 4439 4367 et

1417 4428 1580 4475 cum
1626 4403 2101 4501 praesentibus
2147 4404 2384 4480 futura
2429 4407 2722 4506 copulet.
2824 4411 2987 4487 Qua
3032 4436 3171 4509 quo
3210 4414 3433 4512 magis
3478 4414 3802 4487 omnibus
3854 4415 4309 4502 antecedunt,
4359 4442 4440 4490 eo

1421 4522 1640 4618 magis
1687 4522 1946 4597 viribus
1992 4549 2269 4624 quoque
2312 4535 2684 4624 praestant.
2786 4530 3126 4628 Majorem
3191 4540 3477 4607 naturae
3534 4541 3802 4630 partem
3854 4534 4117 4611 idcirco,
4150 4534 4437 4633 imperio

1415 4662 1648 4738 regere
1679 4648 2000 4737 possunt,
2051 4644 2214 4741 quia
2255 4644 2587 4745 majorem
2623 4646 2881 4722 habent
2916 4660 3202 4725 naturae
3235 4651 3714 4751 cognitionem.
3800 4653 4137 4727 Scientiae
4178 4654 4439 4728 finibus

1277 4846 1293 4859 ·
1415 4757 1694 4855 prolatis
1717 4860 1734 4869 -
1756 4758 2034 4832 ditionis
2097 4764 2303 4839 etiam
2356 4766 2531 4841 fines
2588 4768 3044 4863 proferuntur.
3145 4771 3341 4845 Nihil
3405 4771 3606 4845 nobis
3676 4770 4009 4869 subjicere
4025 4832 4043 4859 ,
4112 4772 4287 4849 nihil
4348 4773 4437 4845 ad
