4967 6217
1442 707 1565 774 ma
2515 686 3374 772 c.A.ENscusns

1432 913 1855 990 mentionem
1891 913 2141 988 fecerat
2182 913 2498 989 decessor
2537 937 2772 1003 meus,
2811 937 2940 989 suo
2977 937 3266 989 munere
3279 969 3300 1002 ,
3339 908 3534 986 brevi
3571 913 3946 1010 postquam
3980 909 4464 1012 magistratum

1439 1059 1750 1110 annuum
1824 1059 2059 1133 gerere
2136 1033 2526 1132 inceperam
2547 1091 2569 1124 ‚
2661 1033 2864 1133 fungi
2935 1037 3349 1134 coeperunt,
3419 1030 3678 1107 habitis
3751 1029 4180 1106 orationibus
4195 1087 4218 1122 ,
4293 1055 4470 1130 quae

1438 1153 1819 1228 luculenter
1866 1151 2302 1228 testabantur
2325 1210 2346 1243 ,
2414 1177 2630 1253 quam
2675 1162 2906 1228 essent
2948 1153 3136 1228 docti
3185 1159 3256 1226 et
3299 1150 3542 1250 periti,
3592 1174 3806 1249 quam
3851 1150 4093 1224 sedulo
4149 1157 4472 1226 naturam

1434 1272 1847 1372 perscrutari
1903 1273 2231 1362 solerent,
2294 1281 2558 1371 quanto
2619 1273 2850 1348 studio
2897 1273 3330 1346 iuventutem
3373 1269 3838 1344 academicam
3889 1268 4302 1344 instituendi
4347 1270 4468 1346 fla-

1436 1400 1733 1492 grarent.
1833 1393 2117 1494 Integer
2177 1392 2318 1466 fere
2394 1417 2622 1468 annus
2685 1391 3075 1493 praeteriit,
3141 1414 3282 1491 quo
3349 1389 3602 1464 virium
3662 1389 4050 1489 periculum
4097 1389 4172 1462 in
4223 1389 4354 1465 hac
4393 1413 4468 1464 re

1434 1511 1784 1600 fecerunt,
1846 1512 1921 1586 in
1992 1537 2133 1612 qua
2202 1510 2373 1587 tales
2438 1537 2514 1587 se
2571 1513 3042 1612 praebuerunt
3063 1569 3084 1600 ,
3153 1517 3236 1584 ut
3280 1533 3370 1584 ne
3419 1508 3770 1608 egregiam
3815 1508 3904 1582 de
3959 1533 4034 1584 se
4079 1519 4470 1610 susceptam

1436 1657 1633 1732 spem
1674 1632 2007 1708 fallerent.
2106 1632 2324 1707 Vobis
2348 1689 2369 1722 ‚
2418 1631 2718 1732 collegae
2761 1629 3170 1707 clarissimi!
3221 1651 3372 1703 vau
3411 1627 3874 1702 Kancxnorr
3919 1635 3992 1702 et
4033 1651 4182 1702 van
4226 1629 4470 1718 Dux,

1436 1753 1745 1852 gratulor
1786 1753 2093 1828 faustum
2147 1760 2475 1828 eventum
2529 1752 2848 1828 laborum
2893 1750 3104 1853 primi
3153 1747 3362 1824 vestri
3407 1747 3594 1823 anni.
3693 1747 3984 1823 Utinam
4035 1747 4254 1823 Vobis
4305 1771 4465 1824 con-

1436 1873 1663 1970 tingat
1702 1872 1984 1962 multis,
2023 1873 2099 1948 in
2150 1873 2526 1948 utilitatem
2577 1871 2850 1972 generis
2899 1869 3190 1946 humani
3208 1927 3228 1960 ,
3279 1867 3662 1968 patefacere
3715 1867 3898 1942 viam
3947 1867 4040 1943 ad
4084 1866 4425 1943 doctrinas
4447 1927 4470 1958 ‚

1438 2016 1617 2092 quae
1664 1999 1927 2066 vestrae
1976 2000 2141 2066 sunt
2190 1992 2495 2072 deliciae.

1536 2111 1735 2188 Quas
1790 2111 2227 2188 difficultates
2247 2168 2268 2201 ,
2336 2113 2463 2186 sed
2521 2113 2734 2188 etiam
2778 2133 2954 2210 quos
3001 2107 3270 2184 fructus
3323 2105 3590 2183 obserat
3637 2103 3779 2182 vita
3797 2161 3822 2194 ,
3887 2104 4232 2181 eiusmodi
4281 2105 4467 2182 labo·

1440 2230 1635 2305 ribus
1688 2230 1955 2320 dicata,
2002 2255 2209 2306 nemo
2262 2231 2580 2306 nostrum
2626 2254 2750 2331 per
2799 2229 3076 2329 longius
3127 2235 3408 2328 tempus
3456 2233 3782 2328 expertus
3831 2233 3938 2300 est
3959 2283 3982 2316 ‚
4029 2250 4244 2326 quam
4290 2227 4472 2317 Vos,

1436 2349 1561 2424 viri
1598 2349 2141 2426 coniunctissimi
2182 2353 2539 2428 Pmmrss
2571 2359 2644 2426 et
2683 2350 3045 2426 Munnnal
3143 2347 3280 2424 Per
3321 2347 3608 2446 triginta
3643 2345 3832 2420 enim
3869 2369 4084 2421 annos
4104 2405 4125 2436 ,
4171 2347 4476 2448 primum

1434 2472 1907 2570 Franequerae
1928 2529 1947 2560 ,
2012 2478 2165 2547 tum
2228 2471 2301 2546 in
2355 2471 2485 2547 hac
2545 2470 2898 2546 academia
2913 2527 2934 2560 ‚
3000 2468 3332 2543 doctrinis
3389 2465 3704 2541 imbuere
3761 2465 4194 2542 iuventutem
4255 2465 4476 2542 Vobis

1438 2591 1748 2690 contigit.
1830 2591 1977 2664 Diu
2012 2598 2095 2664 ut
2128 2591 2313 2666 idem
2350 2590 2700 2666 eteoclem
2727 2589 2936 2666 modo
2967 2589 3188 2664 facere
3223 2586 3528 2688 pergatis
3541 2643 3562 2676 ,
3593 2609 3838 2660 omnes
3872 2583 4092 2660 Vobis
4133 2593 4474 2686 optamus.

1537 2711 1651 2784 Tu
1697 2733 1973 2808 quoque
1998 2769 2017 2798 ,
2070 2711 2455 2786 venerande
2501 2711 2902 2786 Horsrsnn
2953 2729 3052 2782 na
3091 2707 3390 2780 Gaoor!
3439 2711 3513 2780 et
3556 2704 3818 2804 collega
3853 2703 4478 2781 aestumatissimus

1436 2831 1743 2902 Pansae
1763 2886 1783 2916 ,
1850 2829 1972 2926 qui
2028 2829 2507 2904 convalescens
2559 2855 2600 2903 e
2653 2827 2897 2903 morbo
2953 2825 3188 2914 abest,
3236 2824 3382 2899 Vos
3425 2847 3706 2924 quoque
3749 2824 3964 2900 festos
4009 2825 4162 2901 dies
4218 2831 4472 2900 vestros

1442 2945 1783 3020 habuistis
1844 2947 2223 3022 admodum
2280 2946 2776 3023 memorabiles.
2877 2945 3208 3045 Quinque
3271 2945 3492 3020 lustra
3558 2943 4024 3044 Euangelium
4075 2945 4474 3021 hominibus

1442 3065 1881 3141 nuntiavistis
1904 3123 1925 3156 ,
1995 3067 2199 3142 cuius
2262 3067 2592 3166 temporis
2637 3063 3010 3140 maximam
3061 3071 3331 3165 partem
3379 3062 3888 3140 concionatores
3935 3061 4166 3140 fuistis
4189 3049 4196 3058 ’
4217 3066 4466 3142 acade-

1442 3185 1626 3262 mici.
1724 3185 1869 3260 Vos
1931 3187 2217 3286 quidem
2274 3187 2427 3262 Deo
2480 3185 2738 3287 gratias
2799 3183 3040 3286 egistis
3061 3241 3082 3274 ,
3131 3185 3256 3284 qui
3308 3190 3456 3260 tam
3496 3183 3624 3258 diu
3669 3183 3813 3259 Vos
3855 3184 4142 3258 servavit
4189 3184 4265 3258 in
4315 3207 4478 3260 mu-

1444 3329 1611 3380 nere
1636 3364 1657 3395 ‚
1721 3305 1914 3404 quod
1980 3307 2191 3382 rebus
2266 3307 2419 3382 aliis
2486 3305 2816 3382 omnibus
2889 3303 3346 3403 anteponitis3
3425 3302 3774 3404 simulque
3839 3301 4038 3380 amici
4055 3361 4076 3394 ‚
4151 3300 4482 3405 discipuli

1442 3425 1653 3500 vestri
1672 3484 1693 3515 ,
1762 3449 2019 3526 magna
2084 3451 2245 3526 pars
2310 3427 2566 3503 civium
2593 3485 2614 3517 ,
2683 3425 2904 3499 Vobis
2970 3431 3250 3524 gratum
3327 3424 3887 3525 significaverunt
3953 3423 4274 3500 animum
4354 3449 4478 3524 pro

1444 3543 1877 3618 institutione
1940 3554 2167 3620 vestra
2228 3545 2617 3621 christiana.
2718 3543 2932 3622 Quod
2987 3552 3143 3618 tum
3196 3543 3418 3619 Vobis
3471 3553 3876 3646 exoptatum
3939 3552 4048 3620 est
4099 3569 4144 3619 a
4195 3544 4434 3619 multis
4455 3602 4475 3633 ‚

1443 3661 1633 3735 idem
1690 3685 1877 3736 nunc
1938 3655 2160 3736 Vobis
2232 3671 2482 3763 exopto
2503 3721 2526 3756 ,
2594 3663 2738 3738 fore
2803 3670 2886 3736 ut
2937 3663 3064 3738 diu
3106 3662 3336 3739 adhuc
3392 3664 3701 3740 veritatis
3753 3665 4030 3740 divinae
4072 3664 4472 3764 interpretes

1448 3803 1597 3855 esse
1644 3779 1967 3878 pergatis.

1548 3899 1713 3972 Non
1780 3898 2008 3973 maius
2071 3923 2235 3975 sane
2298 3899 2800 3976 documentum
2853 3903 3080 3974 exstat
3123 3899 3500 3975 consensus
3541 3899 3722 3976 inter
3761 3900 4174 4000 professores
4209 3896 4469 3973 theolo-

1454 4019 1609 4120 giae
1634 4079 1657 4110 ‚
1728 4044 1939 4120 quam
2010 4021 2217 4096 series
2288 4021 2855 4123 compendiorum
2917 4019 3008 4095 ab
3085 4019 3174 4094 iis
3237 4019 3490 4122 scripta
3508 4077 3530 4110 ‚
3602 4021 3678 4096 in
3743 4019 4004 4120 quibus
4072 4016 4271 4116 quasi
4334 4041 4474 4092 una

1453 4140 1835 4239 eademque
1884 4165 2081 4216 mens
2130 4141 2399 4218 elucet.-
2472 4141 2700 4216 Series
2747 4141 2867 4216 illa
2880 4196 2901 4229 ,
2950 4163 3130 4239 quae
3174 4163 3416 4214 omnes
3463 4145 3694 4240 partes
3736 4163 3977 4214 eorum
4023 4137 4473 4214 institutionis

1450 4260 1943 4361 complectetur
1960 4317 1982 4349 ,
2046 4259 2189 4334 fere
2240 4262 2580 4361 completa
2627 4267 2735 4336 est
2793 4259 3140 4336 volumine
3186 4259 3410 4360 primo
3467 4283 3692 4361 nuper
3733 4258 3920 4335 edito
3975 4259 4062 4334 de
4117 4261 4474 4359 Theoloyia

1434 4383 1754 4478 practica
1776 4437 1797 4468 ,
1862 4405 1905 4455 a
1978 4379 2468 4456 Muunmnolo
2529 4386 2766 4457 nostro
2811 4379 3215 4479 conscripto.
3315 4379 3765 4456 Gratulamur
3814 4377 3976 4454 Tibi
4011 4385 4248 4454 actum
4285 4377 4474 4454 labo·

1450 4523 1593 4572 rem
1620 4555 1655 4606 ,ι
1716 4499 1817 4571 vir
1878 4498 2265 4575 carissime!
2340 4525 2381 4575 e
2448 4524 2588 4599 quo
2647 4499 2916 4576 fructus
2983 4506 3460 4599 exspectamus
3523 4501 3821 4599 optimos
3895 4521 4210 4599 quosque
4227 4555 4252 4588 ,
4327 4505 4470 4574 tam

1454 4623 1646 4690 extra
1706 4641 1917 4715 quam
1982 4617 2165 4694 intra
2220 4619 2686 4710 academiam3
2746 4619 2908 4696 licet
2951 4643 3093 4695 non
3141 4619 3541 4720 ignoremus
3587 4619 3680 4694 ad
3723 4618 4234 4694 institutionem
4283 4616 4472 4692 verbi

1448 4735 1665 4809 divini
1728 4737 2198 4816 ministrorum
2263 4741 2658 4842 exemplum
2728 4748 2931 4818 tuum
2953 4797 2975 4832 ,
3041 4739 3324 4818 consilia
3379 4747 3504 4817 tua
3563 4740 3722 4841 plus
3780 4739 4002 4816 valere
4059 4737 4474 4842 compendio

1450 4853 1761 4953 quolibet
1804 4855 2083 4953 optimo.
