4967 6217
1419 696 1508 759 44
1647 766 1656 773 .
1801 748 1808 755 .
2365 692 2749 760 SERIES
2846 691 3495 761 LECTIONUM.

1427 900 1508 971 G.
1547 898 1792 974 Pnurs
1835 922 1980 973 vAN
2023 922 2170 973 nna
2211 899 2531 974 Honvnrt
2562 899 3041 999 Pathologiam
3082 900 3391 988 docebit,
3440 899 3689 973 diebus
3727 897 3968 973 Lunae
3985 956 4005 985 ,

1525 1017 1852 1092 Mercurii
1899 1026 1970 1091 et
2015 1018 2304 1093 Veneris
2397 1074 4007 1095 .......................
4118 1016 4285 1091 hora
4382 1021 4443 1091 I.

1619 1135 2042 1211 Medicinam
2091 1138 2461 1236 practicam
2513 1161 2675 1211 cum
2713 1137 3195 1213 exercitatione
3239 1138 3314 1211 in
3366 1136 3783 1211 Nosooomio
3828 1138 4004 1211 Aca-

1624 1250 1630 1259 ’
1713 1254 1980 1330 demico
1999 1315 2018 1344 ,
2069 1257 2378 1354 quotidie
2470 1312 4001 1332 ......................
4312 1256 4443 1331 XI.

1286 1442 1294 1452 .
1615 1373 2001 1449 Historiam
2046 1376 2438 1449 Medicinae
2485 1374 2749 1461 tradet,
2800 1372 3047 1447 diebus
3091 1373 3341 1449 Martis
3390 1381 3461 1447 et
3508 1375 3554 1446 J
3556 1374 3699 1448 ovis
3772 1432 3787 1448 .
3848 1432 3861 1445 .
3918 1432 3933 1446 .
3990 1432 4004 1446 .
4382 1377 4441 1448 Ι.

1424 1495 1510 1565 G.
1552 1493 1633 1566 C.
1678 1493 1765 1567 B.
1810 1495 2194 1568 Sunmoxn
2228 1493 2638 1593 Therapiam
2681 1494 3069 1591 generalem
3112 1494 3386 1567 docebit
3405 1551 3425 1580 ‚
3466 1493 3715 1568 diebus
3759 1492 4007 1567 Martis

1515 1620 1585 1683 et
1632 1613 1678 1684 J
1679 1613 1824 1687 ovis
1884 1668 4009 1689 ..............................
4272 1612 4439 1687 XII.

1810 1738 1882 1806 et
1929 1732 2040 1805 die
2087 1732 2367 1807 Saturni
2393 1789 3205 1808 ............
3260 1784 3263 1789 -
3264 1788 3997 1807 ...........
4311 1730 4436 1805 ΙΧ.

1612 1852 2237 1950 Pharmacognosin
2273 1858 2344 1925 et
2376 1851 2763 1925 naturalem
2798 1850 3257 1925 remediorum
3286 1850 3667 1925 Historiam
3686 1909 3707 1938 ,
3758 1848 4007 1922 diebus

1706 1971 1982 2059 Lunae,
2029 1971 2362 2045 Mercurii
2408 1978 2478 2046 et
2524 1970 2815 2045 Veneris
2902 2028 3998 2048 ................
4271 1969 4435 2042 XII.

1614 2090 2190 2189 Therapeuticum
2223 2090 2687 2164 remediorum
2719 2115 2925 2164 usum
2962 2090 3335 2178 indicabit,
3388 2089 3636 2163 diebus
3672 2088 4003 2163 Mercurii
4248 2085 4258 2094 “

1711 2217 1781 2282 et
1828 2210 2117 2284 Veneris
2184 2267 3068 2285 .............
3072 2196 3077 2201 ’
3126 2260 4002 2285 .............
4350 2206 4435 2281 X.

1479 2342 1486 2349 ’
1605 2329 2010 2413 Doctrinam
2071 2328 2468 2403 morborum
2534 2329 2989 2428 singularium
3056 2330 3315 2418 tradet,
3400 2327 3649 2402 diebus
3719 2327 3963 2402 Lunae
3984 2384 4003 2412 ,

1707 2448 1958 2521 Martis
2006 2455 2077 2522 et
2122 2449 2315 2522 Jovis
2395 2504 3997 2524 .......................
4346 2443 4435 2515 X.

1602 2568 1856 2641 Praxin
1919 2568 2298 2655 medicam,
2365 2566 2458 2642 ad
2520 2568 2809 2645 lectulos
2874 2569 3417 2667 aegrotantium,
3491 2566 3962 2640 moderabitur
3981 2625 4000 2652 ,

1705 2685 1954 2759 diebus
2007 2686 2298 2783 singulis
2328 2745 3349 2764 ...............
3392 2678 3399 2687 ’
3406 2742 3993 2762 .........
4300 2684 4428 2757 IX.

1408 2808 1483 2877 1⁴¹.
1523 2805 1641 2878 W.
1681 2806 2028 2879 Kamonn
2057 2805 2420 2879 Theoriam
2455 2806 2853 2905 disciplinae
2890 2808 3335 2906 Chirurgicae
3370 2794 3700 2904 exponet,
3754 2803 4001 2877 diebus

1502 2924 1742 2999 Lunae
1766 2981 1786 3012 ,
1835 2924 2165 2997 Mercurii
2211 2931 2282 2997 et
2327 2924 2617 2998 Veneris
2670 2977 3994 3002 ...................
4234 2922 4434 2997 VIII.

1597 3041 2224 3117 Exercitationibus
2254 3042 2538 3115 Clinicis
2557 3099 2577 3130 ,
2612 3044 2684 3117 in
2718 3046 3132 3119 Nosocomio
3170 3042 3585 3119 Academico
3620 3041 3958 3116 habendis
3974 3101 3993 3128 ,

1702 3162 2002 3252 vacabit,
2052 3161 2300 3235 diebus
2346 3161 2628 3251 Lunae,
2675 3163 3044 3250 Mercurii,
3091 3163 3137 3234 J
3144 3162 3287 3236 ovis
3336 3170 3408 3235 et
3457 3162 3739 3237 Saturni
3836 3221 3849 3235 .
3909 3221 3923 3235 .
3980 3222 3994 3235 .
4260 3162 4430 3235 XII.

1603 3281 1910 3379 Collegio
1958 3282 2254 3369 casuali,
2305 3281 2553 3355 diebus
2603 3282 2853 3356 Martis
2898 3289 2971 3355 et
3017 3281 3305 3356 Veneris
3399 3340 3992 3357 .........
4044 3280 4361 3355 XII—II
4372 3282 4425 3353 Ι.

1599 3401 2050 3501 operationes
2090 3400 2529 3499 Chirurgicas
2551 3460 2572 3489 ‚
2624 3408 2778 3476 tum
2826 3401 3037 3475 etiam
3075 3399 3569 3475 Vincturarum
3610 3408 3680 3475 et
3718 3401 3990 3505 Fascia-

1693 3546 1854 3594 rum
1902 3520 2285 3594 doctrinam
2335 3518 2864 3607 demonstrabit,
2913 3519 3099 3594 horis
3148 3520 3311 3593 dein
3358 3520 3766 3593 indicandis».

1597 3637 2002 3712 Doctrinam
2051 3639 2138 3709 de
2187 3637 2446 3709 morbis
2494 3638 2848 3710 oculorum
2897 3646 3235 3735 exponet,
3286 3638 3398 3711 die
3446 3638 3728 3712 Saturni
3826 3625 3855 3713 .’
3900 3698 3913 3712 .
3970 3699 3986 3713 .
4084 3637 4422 3712 X—XII.

1600 3755 2026 3829 Medicinam
2071 3756 2440 3828 Forensem
2463 3814 2482 3843 ,
2534 3756 2645 3829 die
2692 3756 2933 3829 Lunae
2982 3764 3053 3829 et
3098 3758 3145 3828 J
3147 3756 3291 3830 ovis
3386 3804 3401 3831 ὁ
3457 3814 3986 3833 ........
4369 3758 4427 3828 1.

1605 3874 2224 3973 Anthropologiam
2271 3874 2912 3949 medico-forensem
2960 3874 3278 3963 docebit,
3328 3874 3441 3949 die
3486 3876 3773 3950 Veneris
3824 3935 3840 3951 .
3897 3935 3913 3951 .
3969 3935 3985 3950 .
4088 3874 4426 3949 IX—XI.

1404 3996 1489 4069 A.
1541 3994 1624 4067 E.
1675 3994 1910 4067 SmoN
1953 3995 2293 4080 Tuoms,
2361 3994 2544 4068 Prof.
2592 3995 2989 4082 Extraord.,
3052 3994 3413 4069 Theoriam
3477 3997 3666 4070 Artis
3734 3996 3985 4073 Obste-

1501 4112 1734 4187 triciae
1781 4121 2116 4210 exponet,
2167 4111 2412 4185 diebus
2460 4114 2711 4187 Martis
2729 4171 2749 4202 ,
2799 4115 2846 4185 J
2847 4114 2991 4188 ovis
3038 4120 3111 4186 et
3159 4114 3440 4187 Saturni
3534 4170 3983 4191 .......
4221 4113 4429 4189 V111.

1597 4232 2135 4331 operationibus
2177 4230 2587 4305 obstetriciis
2630 4240 2784 4305 tum
2831 4231 2906 4304 in
2963 4232 3145 4331 pelvi
3193 4231 3457 4307 factitia
3476 4288 3497 4320 ‚
3550 4240 3703 4308 tum
3754 4234 3828 4308 in
3872 4259 3982 4309 ca-

1696 4352 1942 4427 davere
1989 4350 2469 4438 instituendis,
2517 4351 2810 4448 praeerit
2858 4352 2970 4425 die
3015 4351 3345 4425 Mercurii
3384 4407 3979 4430 .........
4364 4350 4427 4425 Ι.

1597 4470 2138 4569 Gynaecologiae
2217 4478 2287 4544 et
2349 4470 3083 4570 gynaecopathologiae
3146 4470 3370 4568 capita
3433 4470 3682 4545 selecta
3725 4472 3952 4546 tradet
3966 4530 3988 4560 ,

1693 4587 1878 4662 horis
1925 4584 2356 4665 auditoribus
2404 4590 2803 4665 commodis

1597 4707 1850 4781 Praxin
1922 4708 2407 4784 Obstetriciam
2467 4709 2544 4782 in
2593 4709 3007 4787 Nosocomio
3049 4708 3464 4785 Academico
3482 4766 3501 4795 ‚
3556 4710 3827 4806 quoties
3869 4732 3987 4781 ne·

1692 4846 1880 4899 cesse
1928 4823 2100 4914 erit,
2149 4824 2638 4908 moderabitur.
