<?xml version="1.0" encoding="UTF-8"?>
<!DOCTYPE html PUBLIC "-//W3C//DTD XHTML 1.0 Transitional//EN"
    "http://www.w3.org/TR/xhtml1/DTD/xhtml1-transitional.dtd">
<html xmlns="http://www.w3.org/1999/xhtml" xml:lang="en" lang="en">
 <head>
  <title>
</title>
<meta http-equiv="Content-Type" content="text/html;charset=utf-8" />
  <meta name='ocr-system' content='tesseract 3.04.00' />
  <meta name='ocr-capabilities' content='ocr_page ocr_carea ocr_par ocr_line ocrx_word'/>
</head>
<body>
  <div class='ocr_page' id='page_1' title='image "annalesacademic24unkngoog_0033.png"; bbox 0 0 4967 6217; ppageno 0'>
   <div class='ocr_carea' id='block_1_1' title="bbox 1807 639 3578 762">
    <p class='ocr_par' dir='ltr' id='par_1_1' title="bbox 1807 639 3578 762">
     <span class='ocr_line' id='line_1_1' title="bbox 1807 639 3578 762; baseline 0.005 -9"><span class='ocrx_word' id='word_1_1' title='bbox 1807 639 2468 757; x_wconf 54' lang='lat' dir='ltr'>onir1o&#39;</span> <span class='ocrx_word' id='word_1_2' title='bbox 3494 694 3578 762; x_wconf 61' lang='lat' dir='ltr'>m</span> 
     </span>
    </p>
   </div>
   <div class='ocr_carea' id='block_1_2' title="bbox 532 893 3691 3017">
    <p class='ocr_par' dir='ltr' id='par_1_2' title="bbox 551 893 3571 1112">
     <span class='ocr_line' id='line_1_2' title="bbox 551 893 3571 999; baseline 0.002 -30"><span class='ocrx_word' id='word_1_3' title='bbox 551 894 779 995; x_wconf 81' lang='lat' dir='ltr'>gionis</span> <span class='ocrx_word' id='word_1_4' title='bbox 848 894 1108 969; x_wconf 87' lang='lat' dir='ltr'>abusus</span> <span class='ocrx_word' id='word_1_5' title='bbox 1127 952 1146 981; x_wconf 91' lang='lat'>,</span> <span class='ocrx_word' id='word_1_6' title='bbox 1216 894 1358 967; x_wconf 88' lang='lat' dir='ltr'>sive</span> <span class='ocrx_word' id='word_1_7' title='bbox 1419 893 1806 969; x_wconf 88' lang='lat' dir='ltr'>Catholicos</span> <span class='ocrx_word' id='word_1_8' title='bbox 1869 894 2050 969; x_wconf 90' lang='lat' dir='ltr'>inter</span> <span class='ocrx_word' id='word_1_9' title='bbox 2067 954 2086 983; x_wconf 92' lang='lat'>‚</span> <span class='ocrx_word' id='word_1_10' title='bbox 2155 896 2295 969; x_wconf 90' lang='lat' dir='ltr'>sive</span> <span class='ocrx_word' id='word_1_11' title='bbox 2357 895 2549 995; x_wconf 85' lang='lat' dir='ltr'>apud</span> <span class='ocrx_word' id='word_1_12' title='bbox 2608 895 3139 971; x_wconf 87' lang='lat' dir='ltr'>Reformationis</span> <span class='ocrx_word' id='word_1_13' title='bbox 3205 906 3531 999; x_wconf 90' lang='lat' dir='ltr'>patronos</span> <span class='ocrx_word' id='word_1_14' title='bbox 3551 959 3571 988; x_wconf 91' lang='lat'><em>,</em></span> 
     </span>
     <span class='ocr_line' id='line_1_3' title="bbox 552 1014 1648 1112; baseline -0.001 -23"><span class='ocrx_word' id='word_1_15' title='bbox 552 1022 786 1090; x_wconf 86' lang='lat' dir='ltr'>nostro</span> <span class='ocrx_word' id='word_1_16' title='bbox 835 1040 982 1088; x_wconf 88' lang='lat' dir='ltr'>sese</span> <span class='ocrx_word' id='word_1_17' title='bbox 1029 1022 1334 1111; x_wconf 86' lang='lat' dir='ltr'>tempore</span> <span class='ocrx_word' id='word_1_18' title='bbox 1381 1014 1648 1112; x_wconf 88' lang='lat' dir='ltr'>prodat.</span> 
     </span>
    </p>

    <p class='ocr_par' dir='ltr' id='par_1_3' title="bbox 532 1131 3691 3017">
     <span class='ocr_line' id='line_1_4' title="bbox 652 1131 3575 1233; baseline 0.001 -25"><span class='ocrx_word' id='word_1_19' title='bbox 652 1134 926 1211; x_wconf 85' lang='lat' dir='ltr'><strong>Quodsi</strong></span> <span class='ocrx_word' id='word_1_20' title='bbox 1014 1140 1248 1208; x_wconf 87' lang='lat' dir='ltr'>autem</span> <span class='ocrx_word' id='word_1_21' title='bbox 1329 1131 1668 1206; x_wconf 90' lang='lat' dir='ltr'>eiusmodi</span> <span class='ocrx_word' id='word_1_22' title='bbox 1747 1154 1933 1205; x_wconf 89' lang='lat' dir='ltr'>nunc</span> <span class='ocrx_word' id='word_1_23' title='bbox 2003 1133 2207 1229; x_wconf 86' lang='lat' dir='ltr'>longe</span> <span class='ocrx_word' id='word_1_24' title='bbox 2269 1132 2545 1231; x_wconf 86' lang='lat' dir='ltr'>lateque</span> <span class='ocrx_word' id='word_1_25' title='bbox 2616 1135 2836 1233; x_wconf 89' lang='lat' dir='ltr'>pietas</span> <span class='ocrx_word' id='word_1_26' title='bbox 2904 1135 3194 1210; x_wconf 87' lang='lat' dir='ltr'>invaluit</span> <span class='ocrx_word' id='word_1_27' title='bbox 3262 1162 3343 1211; x_wconf 86' lang='lat' dir='ltr'>ac</span> <span class='ocrx_word' id='word_1_28' title='bbox 3400 1138 3575 1212; x_wconf 87' lang='lat' dir='ltr'>ratio</span> 
     </span>
     <span class='ocr_line' id='line_1_5' title="bbox 553 1249 3575 1363; baseline 0.001 -36"><span class='ocrx_word' id='word_1_29' title='bbox 553 1253 934 1351; x_wconf 85' lang='lat' dir='ltr'>Religionis</span> <span class='ocrx_word' id='word_1_30' title='bbox 952 1311 972 1340; x_wconf 90' lang='lat'><em>,</em></span> <span class='ocrx_word' id='word_1_31' title='bbox 1010 1252 1267 1349; x_wconf 91' lang='lat' dir='ltr'>quibus</span> <span class='ocrx_word' id='word_1_32' title='bbox 1296 1276 1420 1349; x_wconf 90' lang='lat' dir='ltr'>pro</span> <span class='ocrx_word' id='word_1_33' title='bbox 1462 1273 1624 1322; x_wconf 89' lang='lat' dir='ltr'>suae</span> <span class='ocrx_word' id='word_1_34' title='bbox 1666 1249 1924 1346; x_wconf 86' lang='lat' dir='ltr'>singuli</span> <span class='ocrx_word' id='word_1_35' title='bbox 1963 1250 2307 1324; x_wconf 80' lang='lat' dir='ltr'>Ecclesiae</span> <span class='ocrx_word' id='word_1_36' title='bbox 2347 1253 2617 1349; x_wconf 85' lang='lat' dir='ltr'>placitis</span> <span class='ocrx_word' id='word_1_37' title='bbox 2650 1260 2859 1351; x_wconf 88' lang='lat' dir='ltr'>atque</span> <span class='ocrx_word' id='word_1_38' title='bbox 2896 1255 3182 1363; x_wconf 79' lang='lat' dir='ltr'>ritibus,</span> <span class='ocrx_word' id='word_1_39' title='bbox 3218 1264 3575 1355; x_wconf 80' lang='lat' dir='ltr'><strong>tamquam</strong></span> 
     </span>
     <span class='ocr_line' id='line_1_6' title="bbox 553 1368 3571 1476; baseline 0.001 -29"><span class='ocrx_word' id='word_1_40' title='bbox 553 1397 678 1470; x_wconf 87' lang='lat' dir='ltr'>pro</span> <span class='ocrx_word' id='word_1_41' title='bbox 739 1374 876 1447; x_wconf 87' lang='lat' dir='ltr'>aris</span> <span class='ocrx_word' id='word_1_42' title='bbox 935 1379 1006 1445; x_wconf 92' lang='lat' dir='ltr'>et</span> <span class='ocrx_word' id='word_1_43' title='bbox 1065 1371 1232 1443; x_wconf 82' lang='lat' dir='ltr'>focis</span> <span class='ocrx_word' id='word_1_44' title='bbox 1254 1427 1274 1456; x_wconf 89' lang='lat'><em>,</em></span> <span class='ocrx_word' id='word_1_45' title='bbox 1335 1376 1610 1442; x_wconf 87' lang='lat' dir='ltr'>strenue</span> <span class='ocrx_word' id='word_1_46' title='bbox 1673 1368 2043 1455; x_wconf 79' lang='lat' dir='ltr'>dimicant3</span> <span class='ocrx_word' id='word_1_47' title='bbox 2102 1412 2201 1424; x_wconf 91' lang='lat'>—-</span> <span class='ocrx_word' id='word_1_48' title='bbox 2262 1370 2322 1443; x_wconf 87' lang='lat' dir='ltr'>si</span> <span class='ocrx_word' id='word_1_49' title='bbox 2383 1371 2613 1468; x_wconf 69' lang='lat' dir='ltr'>spreta</span> <span class='ocrx_word' id='word_1_50' title='bbox 2672 1374 3126 1447; x_wconf 82' lang='lat' dir='ltr'>recentiorum</span> <span class='ocrx_word' id='word_1_51' title='bbox 3186 1382 3571 1476; x_wconf 90' lang='lat' dir='ltr'>temporum</span> 
     </span>
     <span class='ocr_line' id='line_1_7' title="bbox 532 1488 3575 1585; baseline 0.001 -19"><span class='ocrx_word' id='word_1_52' title='bbox 532 1492 708 1566; x_wconf 73' lang='lat' dir='ltr'>‘luce</span> <span class='ocrx_word' id='word_1_53' title='bbox 749 1492 840 1565; x_wconf 86' lang='lat' dir='ltr'>ad</span> <span class='ocrx_word' id='word_1_54' title='bbox 891 1489 1102 1563; x_wconf 90' lang='lat' dir='ltr'>medii</span> <span class='ocrx_word' id='word_1_55' title='bbox 1163 1488 1314 1561; x_wconf 88' lang='lat' dir='ltr'>aevi</span> <span class='ocrx_word' id='word_1_56' title='bbox 1358 1488 1876 1585; x_wconf 82' lang='lat' dir='ltr'>superstitiones</span> <span class='ocrx_word' id='word_1_57' title='bbox 1931 1488 2302 1576; x_wconf 91' lang='lat' dir='ltr'>Catholici,</span> <span class='ocrx_word' id='word_1_58' title='bbox 2353 1488 2442 1563; x_wconf 88' lang='lat' dir='ltr'>ad</span> <span class='ocrx_word' id='word_1_59' title='bbox 2488 1489 3045 1565; x_wconf 82' lang='lat' dir='ltr'>Reformatorum</span> <span class='ocrx_word' id='word_1_60' title='bbox 3096 1494 3575 1569; x_wconf 87' lang='lat' dir='ltr'>formularum·</span> 
     </span>
     <span class='ocr_line' id='line_1_8' title="bbox 553 1607 3581 1711; baseline 0.001 -26"><span class='ocrx_word' id='word_1_61' title='bbox 553 1636 690 1709; x_wconf 90' lang='lat' dir='ltr'>que</span> <span class='ocrx_word' id='word_1_62' title='bbox 746 1611 886 1683; x_wconf 92' lang='lat' dir='ltr'>iam</span> <span class='ocrx_word' id='word_1_63' title='bbox 947 1609 1410 1681; x_wconf 89' lang='lat' dir='ltr'>obsoletarum</span> <span class='ocrx_word' id='word_1_64' title='bbox 1479 1610 1955 1681; x_wconf 89' lang='lat' dir='ltr'>auctoritatem</span> <span class='ocrx_word' id='word_1_65' title='bbox 2018 1608 2486 1681; x_wconf 88' lang='lat' dir='ltr'>Protestantes</span> <span class='ocrx_word' id='word_1_66' title='bbox 2546 1607 2997 1706; x_wconf 80' lang='lat' dir='ltr'>confugiunt3</span> <span class='ocrx_word' id='word_1_67' title='bbox 3043 1654 3141 1667; x_wconf 92' lang='lat'>-·</span> <span class='ocrx_word' id='word_1_68' title='bbox 3190 1613 3248 1684; x_wconf 91' lang='lat' dir='ltr'>si</span> <span class='ocrx_word' id='word_1_69' title='bbox 3298 1612 3581 1711; x_wconf 89' lang='lat' dir='ltr'>paribus</span> 
     </span>
     <span class='ocr_line' id='line_1_9' title="bbox 551 1726 3584 1827; baseline 0.001 -24"><span class='ocrx_word' id='word_1_70' title='bbox 551 1728 870 1827; x_wconf 87' lang='lat' dir='ltr'>passibus</span> <span class='ocrx_word' id='word_1_71' title='bbox 931 1736 1002 1801; x_wconf 91' lang='lat' dir='ltr'>et</span> <span class='ocrx_word' id='word_1_72' title='bbox 1074 1728 1466 1801; x_wconf 86' lang='lat' dir='ltr'>criticorum</span> <span class='ocrx_word' id='word_1_73' title='bbox 1545 1727 1894 1801; x_wconf 83' lang='lat' dir='ltr'>temeritas</span> <span class='ocrx_word' id='word_1_74' title='bbox 1961 1735 2031 1800; x_wconf 90' lang='lat' dir='ltr'>et</span> <span class='ocrx_word' id='word_1_75' title='bbox 2097 1727 2541 1825; x_wconf 85' lang='lat' dir='ltr'>mysticorum</span> <span class='ocrx_word' id='word_1_76' title='bbox 2611 1726 2845 1800; x_wconf 88' lang='lat' dir='ltr'>homin</span> <span class='ocrx_word' id='word_1_77' title='bbox 2854 1753 2973 1801; x_wconf 88' lang='lat' dir='ltr'>um</span> <span class='ocrx_word' id='word_1_78' title='bbox 3042 1728 3361 1805; x_wconf 85' lang='lat' dir='ltr'>fanatism</span> <span class='ocrx_word' id='word_1_79' title='bbox 3370 1757 3451 1805; x_wconf 89' lang='lat' dir='ltr'>us</span> <span class='ocrx_word' id='word_1_80' title='bbox 3514 1740 3584 1805; x_wconf 91' lang='lat' dir='ltr'>et</span> 
     </span>
     <span class='ocr_line' id='line_1_10' title="bbox 550 1846 3691 1947; baseline 0.001 -26"><span class='ocrx_word' id='word_1_81' title='bbox 550 1849 818 1923; x_wconf 86' lang='lat' dir='ltr'>insania</span> <span class='ocrx_word' id='word_1_82' title='bbox 874 1854 1223 1935; x_wconf 82' lang='lat' dir='ltr'>crescunt3</span> <span class='ocrx_word' id='word_1_83' title='bbox 1269 1892 1370 1905; x_wconf 89' lang='lat'>—</span> <span class='ocrx_word' id='word_1_84' title='bbox 1427 1847 1486 1919; x_wconf 91' lang='lat' dir='ltr'>si</span> <span class='ocrx_word' id='word_1_85' title='bbox 1534 1846 2038 1945; x_wconf 81' lang='lat' dir='ltr'>&#39;dogmatismus</span> <span class='ocrx_word' id='word_1_86' title='bbox 2083 1870 2340 1919; x_wconf 90' lang='lat' dir='ltr'>novum</span> <span class='ocrx_word' id='word_1_87' title='bbox 2389 1846 2461 1918; x_wconf 91' lang='lat' dir='ltr'>in</span> <span class='ocrx_word' id='word_1_88' title='bbox 2509 1846 2875 1919; x_wconf 89' lang='lat' dir='ltr'>hominum</span> <span class='ocrx_word' id='word_1_89' title='bbox 2918 1848 3185 1921; x_wconf 90' lang='lat' dir='ltr'>animos</span> <span class='ocrx_word' id='word_1_90' title='bbox 3234 1848 3585 1947; x_wconf 88' lang='lat' dir='ltr'>vitamque</span> <span class='ocrx_word' id='word_1_91' title='bbox 3678 1875 3691 1885; x_wconf 93' lang='lat'><em>·</em></span> 
     </span>
     <span class='ocr_line' id='line_1_11' title="bbox 555 1965 3586 2066; baseline -0.001 -23"><span class='ocrx_word' id='word_1_92' title='bbox 555 1968 688 2043; x_wconf 90' lang='lat' dir='ltr'>sibi</span> <span class='ocrx_word' id='word_1_93' title='bbox 761 1968 1130 2066; x_wconf 90' lang='lat' dir='ltr'>imperium</span> <span class='ocrx_word' id='word_1_94' title='bbox 1189 1972 1498 2063; x_wconf 81' lang='lat' dir='ltr'>arrogat3</span> <span class='ocrx_word' id='word_1_95' title='bbox 1546 2008 1641 2023; x_wconf 92' lang='lat'>—</span> <span class='ocrx_word' id='word_1_96' title='bbox 1686 1966 1746 2038; x_wconf 91' lang='lat' dir='ltr'>si</span> <span class='ocrx_word' id='word_1_97' title='bbox 1803 1965 2108 2039; x_wconf 84' lang='lat' dir='ltr'>Ecclesia</span> <span class='ocrx_word' id='word_1_98' title='bbox 2126 2023 2147 2053; x_wconf 91' lang='lat'>‚</span> <span class='ocrx_word' id='word_1_99' title='bbox 2216 1966 2276 2037; x_wconf 92' lang='lat' dir='ltr'>si</span> <span class='ocrx_word' id='word_1_100' title='bbox 2332 1965 2734 2063; x_wconf 86' lang='lat' dir='ltr'>Theologia‚</span> <span class='ocrx_word' id='word_1_101' title='bbox 2800 1966 3021 2063; x_wconf 87' lang='lat' dir='ltr'>ipsius</span> <span class='ocrx_word' id='word_1_102' title='bbox 3081 1968 3463 2065; x_wconf 87' lang='lat' dir='ltr'>Religionis</span> <span class='ocrx_word' id='word_1_103' title='bbox 3516 1976 3586 2043; x_wconf 92' lang='lat' dir='ltr'>et</span> 
     </span>
     <span class='ocr_line' id='line_1_12' title="bbox 553 2084 3589 2186; baseline 0 -25"><span class='ocrx_word' id='word_1_104' title='bbox 553 2088 920 2185; x_wconf 85' lang='lat' dir='ltr'>Euangelii</span> <span class='ocrx_word' id='word_1_105' title='bbox 979 2087 1206 2159; x_wconf 89' lang='lat' dir='ltr'>locum</span> <span class='ocrx_word' id='word_1_106' title='bbox 1279 2084 1412 2157; x_wconf 93' lang='lat' dir='ltr'>sibi</span> <span class='ocrx_word' id='word_1_107' title='bbox 1464 2085 1692 2157; x_wconf 89' lang='lat' dir='ltr'>denuo</span> <span class='ocrx_word' id='word_1_108' title='bbox 1745 2084 2094 2159; x_wconf 82' lang='lat' dir='ltr'>vindicant</span> <span class='ocrx_word' id='word_1_109' title='bbox 2109 2117 2128 2171; x_wconf 89' lang='lat'>;</span> <span class='ocrx_word' id='word_1_110' title='bbox 2169 2106 2289 2141; x_wconf 79' lang='lat'>-·</span> <span class='ocrx_word' id='word_1_111' title='bbox 2319 2084 2378 2157; x_wconf 91' lang='lat' dir='ltr'>si</span> <span class='ocrx_word' id='word_1_112' title='bbox 2435 2085 2560 2181; x_wconf 92' lang='lat' dir='ltr'>qui</span> <span class='ocrx_word' id='word_1_113' title='bbox 2601 2084 2902 2158; x_wconf 82' lang='lat' dir='ltr'>maxime</span> <span class='ocrx_word' id='word_1_114' title='bbox 2946 2086 3309 2160; x_wconf 86' lang='lat' dir='ltr'>orthodoxi</span> <span class='ocrx_word' id='word_1_115' title='bbox 3363 2112 3442 2161; x_wconf 88' lang='lat' dir='ltr'>ac</span> <span class='ocrx_word' id='word_1_116' title='bbox 3488 2087 3589 2186; x_wconf 91' lang='lat' dir='ltr'>pii</span> 
     </span>
     <span class='ocr_line' id='line_1_13' title="bbox 553 2204 3587 2305; baseline -0 -24"><span class='ocrx_word' id='word_1_117' title='bbox 553 2207 832 2281; x_wconf 88' lang='lat' dir='ltr'>sibimet</span> <span class='ocrx_word' id='word_1_118' title='bbox 869 2206 1004 2303; x_wconf 89' lang='lat' dir='ltr'>ipsi</span> <span class='ocrx_word' id='word_1_119' title='bbox 1061 2205 1413 2291; x_wconf 75' lang='lat' dir='ltr'>videntur,</span> <span class='ocrx_word' id='word_1_120' title='bbox 1465 2212 1586 2277; x_wconf 93' lang='lat' dir='ltr'>aut</span> <span class='ocrx_word' id='word_1_121' title='bbox 1633 2204 1847 2277; x_wconf 87' lang='lat' dir='ltr'>videri</span> <span class='ocrx_word' id='word_1_122' title='bbox 1892 2204 2042 2278; x_wconf 89' lang='lat' dir='ltr'>aliis</span> <span class='ocrx_word' id='word_1_123' title='bbox 2085 2205 2358 2291; x_wconf 92' lang='lat' dir='ltr'>volunt,</span> <span class='ocrx_word' id='word_1_124' title='bbox 2409 2204 2811 2279; x_wconf 80' lang='lat' dir='ltr'>liberalioris</span> <span class='ocrx_word' id='word_1_125' title='bbox 2864 2204 3128 2303; x_wconf 89' lang='lat' dir='ltr'>ingenii</span> <span class='ocrx_word' id='word_1_126' title='bbox 3172 2206 3587 2305; x_wconf 84' lang='lat' dir='ltr'>Theologos,</span> 
     </span>
     <span class='ocr_line' id='line_1_14' title="bbox 557 2322 3589 2421; baseline 0 -23"><span class='ocrx_word' id='word_1_127' title='bbox 557 2326 756 2399; x_wconf 87' lang='lat' dir='ltr'>docte</span> <span class='ocrx_word' id='word_1_128' title='bbox 810 2333 1051 2397; x_wconf 86' lang='lat' dir='ltr'>tamen</span> <span class='ocrx_word' id='word_1_129' title='bbox 1115 2347 1195 2397; x_wconf 91' lang='lat' dir='ltr'>ac</span> <span class='ocrx_word' id='word_1_130' title='bbox 1259 2322 1372 2421; x_wconf 85' lang='lat' dir='ltr'>pie</span> <span class='ocrx_word' id='word_1_131' title='bbox 1433 2322 1710 2397; x_wconf 87' lang='lat' dir='ltr'>Sacram</span> <span class='ocrx_word' id='word_1_132' title='bbox 1766 2323 2217 2421; x_wconf 82' lang='lat' dir='ltr'>Disciplinam</span> <span class='ocrx_word' id='word_1_133' title='bbox 2281 2324 2616 2411; x_wconf 76' lang='lat' dir='ltr'>colenteS,</span> <span class='ocrx_word' id='word_1_134' title='bbox 2682 2348 2929 2398; x_wconf 89' lang='lat' dir='ltr'>canum</span> <span class='ocrx_word' id='word_1_135' title='bbox 2987 2324 3206 2397; x_wconf 88' lang='lat' dir='ltr'>instar</span> <span class='ocrx_word' id='word_1_136' title='bbox 3256 2326 3589 2399; x_wconf 82' lang='lat' dir='ltr'>adlatrare</span> 
     </span>
     <span class='ocr_line' id='line_1_15' title="bbox 555 2442 3588 2543; baseline -0 -25"><span class='ocrx_word' id='word_1_137' title='bbox 555 2443 743 2518; x_wconf 91' lang='lat' dir='ltr'>haud</span> <span class='ocrx_word' id='word_1_138' title='bbox 789 2443 1150 2529; x_wconf 89' lang='lat' dir='ltr'>desinunt;</span> <span class='ocrx_word' id='word_1_139' title='bbox 1199 2486 1300 2502; x_wconf 91' lang='lat'>—-</span> <span class='ocrx_word' id='word_1_140' title='bbox 1349 2443 1522 2540; x_wconf 90' lang='lat' dir='ltr'>quid</span> <span class='ocrx_word' id='word_1_141' title='bbox 1563 2444 1796 2540; x_wconf 88' lang='lat' dir='ltr'>plura,</span> <span class='ocrx_word' id='word_1_142' title='bbox 1848 2444 1907 2515; x_wconf 92' lang='lat' dir='ltr'>si</span> <span class='ocrx_word' id='word_1_143' title='bbox 1958 2444 2181 2531; x_wconf 85' lang='lat' dir='ltr'>rixae,</span> <span class='ocrx_word' id='word_1_144' title='bbox 2235 2444 2294 2516; x_wconf 92' lang='lat' dir='ltr'>si</span> <span class='ocrx_word' id='word_1_145' title='bbox 2341 2443 2845 2529; x_wconf 76' lang='lat' dir='ltr'>contentioneS,</span> <span class='ocrx_word' id='word_1_146' title='bbox 2897 2442 2955 2515; x_wconf 90' lang='lat' dir='ltr'>si</span> <span class='ocrx_word' id='word_1_147' title='bbox 2995 2442 3283 2517; x_wconf 86' lang='lat' dir='ltr'>discidia</span> <span class='ocrx_word' id='word_1_148' title='bbox 3320 2445 3588 2543; x_wconf 79' lang='lat' dir='ltr'>vigent,</span> 
     </span>
     <span class='ocr_line' id='line_1_16' title="bbox 555 2561 3587 2665; baseline 0.001 -30"><span class='ocrx_word' id='word_1_149' title='bbox 555 2563 616 2635; x_wconf 87' lang='lat' dir='ltr'>si</span> <span class='ocrx_word' id='word_1_150' title='bbox 673 2570 922 2637; x_wconf 87' lang='lat' dir='ltr'>mutua</span> <span class='ocrx_word' id='word_1_151' title='bbox 982 2561 1531 2635; x_wconf 90' lang='lat' dir='ltr'>Christianorum</span> <span class='ocrx_word' id='word_1_152' title='bbox 1601 2562 1760 2635; x_wconf 88' lang='lat' dir='ltr'>odia</span> <span class='ocrx_word' id='word_1_153' title='bbox 1833 2568 2148 2635; x_wconf 90' lang='lat' dir='ltr'>crescunt</span> <span class='ocrx_word' id='word_1_154' title='bbox 2167 2619 2186 2648; x_wconf 90' lang='lat'>‚</span> <span class='ocrx_word' id='word_1_155' title='bbox 2249 2562 2310 2633; x_wconf 92' lang='lat' dir='ltr'>si</span> <span class='ocrx_word' id='word_1_156' title='bbox 2359 2561 2650 2635; x_wconf 83' lang='lat' dir='ltr'>fratrum</span> <span class='ocrx_word' id='word_1_157' title='bbox 2708 2584 2989 2665; x_wconf 77' lang='lat' dir='ltr'>quoque</span> <span class='ocrx_word' id='word_1_158' title='bbox 3034 2562 3393 2636; x_wconf 85' lang='lat' dir='ltr'>concordia</span> <span class='ocrx_word' id='word_1_159' title='bbox 3436 2589 3587 2639; x_wconf 87' lang='lat' dir='ltr'>rara</span> 
     </span>
     <span class='ocr_line' id='line_1_17' title="bbox 555 2679 3593 2778; baseline 0.001 -23"><span class='ocrx_word' id='word_1_160' title='bbox 555 2688 693 2755; x_wconf 88' lang='lat' dir='ltr'>est:</span> <span class='ocrx_word' id='word_1_161' title='bbox 743 2724 842 2737; x_wconf 95' lang='lat'>—</span> <span class='ocrx_word' id='word_1_162' title='bbox 882 2681 1186 2778; x_wconf 90' lang='lat' dir='ltr'>profecto</span> <span class='ocrx_word' id='word_1_163' title='bbox 1235 2682 1321 2753; x_wconf 93' lang='lat' dir='ltr'>A.</span> <span class='ocrx_word' id='word_1_164' title='bbox 1365 2682 1452 2753; x_wconf 92' lang='lat' dir='ltr'>A.</span> <span class='ocrx_word' id='word_1_165' title='bbox 1503 2682 1670 2753; x_wconf 85' lang='lat' dir='ltr'>haec</span> <span class='ocrx_word' id='word_1_166' title='bbox 1711 2679 1945 2754; x_wconf 88' lang='lat' dir='ltr'>omnia</span> <span class='ocrx_word' id='word_1_167' title='bbox 1991 2680 2194 2753; x_wconf 87' lang='lat' dir='ltr'>nobis</span> <span class='ocrx_word' id='word_1_168' title='bbox 2245 2704 2394 2753; x_wconf 92' lang='lat' dir='ltr'>esse</span> <span class='ocrx_word' id='word_1_169' title='bbox 2438 2679 2693 2752; x_wconf 90' lang='lat' dir='ltr'>indicio</span> <span class='ocrx_word' id='word_1_170' title='bbox 2734 2688 3027 2777; x_wconf 89' lang='lat' dir='ltr'>possunt</span> <span class='ocrx_word' id='word_1_171' title='bbox 3046 2738 3065 2768; x_wconf 93' lang='lat'><em>,</em></span> <span class='ocrx_word' id='word_1_172' title='bbox 3116 2706 3329 2777; x_wconf 90' lang='lat' dir='ltr'>quam</span> <span class='ocrx_word' id='word_1_173' title='bbox 3370 2684 3593 2757; x_wconf 86' lang='lat' dir='ltr'>multa</span> 
     </span>
     <span class='ocr_line' id='line_1_18' title="bbox 557 2797 3593 2899; baseline 0 -24"><span class='ocrx_word' id='word_1_174' title='bbox 557 2800 788 2887; x_wconf 86' lang='lat' dir='ltr'>desint</span> <span class='ocrx_word' id='word_1_175' title='bbox 845 2800 953 2873; x_wconf 88' lang='lat' dir='ltr'>vel</span> <span class='ocrx_word' id='word_1_176' title='bbox 1005 2799 1498 2873; x_wconf 88' lang='lat' dir='ltr'>laudatissimis</span> <span class='ocrx_word' id='word_1_177' title='bbox 1558 2799 1748 2873; x_wconf 89' lang='lat' dir='ltr'>hisce</span> <span class='ocrx_word' id='word_1_178' title='bbox 1801 2797 2228 2898; x_wconf 90' lang='lat' dir='ltr'>temporibus</span> <span class='ocrx_word' id='word_1_179' title='bbox 2277 2798 2565 2885; x_wconf 76' lang='lat' dir='ltr'>nostriS,</span> <span class='ocrx_word' id='word_1_180' title='bbox 2616 2822 2743 2871; x_wconf 91' lang='lat' dir='ltr'>nec</span> <span class='ocrx_word' id='word_1_181' title='bbox 2785 2806 2971 2871; x_wconf 88' lang='lat' dir='ltr'>certo</span> <span class='ocrx_word' id='word_1_182' title='bbox 3012 2800 3340 2874; x_wconf 84' lang='lat' dir='ltr'>moralem</span> <span class='ocrx_word' id='word_1_183' title='bbox 3382 2808 3593 2899; x_wconf 88' lang='lat' dir='ltr'>atque</span> 
     </span>
     <span class='ocr_line' id='line_1_19' title="bbox 560 2918 3596 3017; baseline 0.001 -24"><span class='ocrx_word' id='word_1_184' title='bbox 560 2920 933 3017; x_wconf 88' lang='lat' dir='ltr'>practicam</span> <span class='ocrx_word' id='word_1_185' title='bbox 979 2920 1275 2993; x_wconf 83' lang='lat' dir='ltr'>maxime</span> <span class='ocrx_word' id='word_1_186' title='bbox 1315 2918 1681 3017; x_wconf 87' lang='lat' dir='ltr'>Euangelii</span> <span class='ocrx_word' id='word_1_187' title='bbox 1727 2919 2030 2992; x_wconf 89' lang='lat' dir='ltr'>indolem</span> <span class='ocrx_word' id='word_1_188' title='bbox 2079 2943 2229 2991; x_wconf 91' lang='lat' dir='ltr'>esse</span> <span class='ocrx_word' id='word_1_189' title='bbox 2249 2977 2268 3006; x_wconf 91' lang='lat'>,</span> <span class='ocrx_word' id='word_1_190' title='bbox 2318 2942 2498 3015; x_wconf 90' lang='lat' dir='ltr'>quae</span> <span class='ocrx_word' id='word_1_191' title='bbox 2549 2941 2735 2991; x_wconf 91' lang='lat' dir='ltr'>nunc</span> <span class='ocrx_word' id='word_1_192' title='bbox 2777 2941 2941 3016; x_wconf 87' lang='lat' dir='ltr'>prae</span> <span class='ocrx_word' id='word_1_193' title='bbox 2987 2918 3229 2991; x_wconf 89' lang='lat' dir='ltr'>ceteris</span> <span class='ocrx_word' id='word_1_194' title='bbox 3269 2920 3596 2995; x_wconf 87' lang='lat' dir='ltr'>omnibus</span> 
     </span>
    </p>
   </div>
   <div class='ocr_carea' id='block_1_3' title="bbox 449 3027 3593 3134">
    <p class='ocr_par' dir='ltr' id='par_1_4' title="bbox 449 3027 3593 3134">
     <span class='ocr_line' id='line_1_20' title="bbox 449 3027 3593 3134; baseline 0.001 -25"><span class='ocrx_word' id='word_1_195' title='bbox 449 3104 454 3109; x_wconf 89' lang='lat'><em>.</em></span> <span class='ocrx_word' id='word_1_196' title='bbox 562 3039 778 3112; x_wconf 88' lang='lat' dir='ltr'>soleat</span> <span class='ocrx_word' id='word_1_197' title='bbox 839 3038 1248 3111; x_wconf 86' lang='lat' dir='ltr'>Christianis</span> <span class='ocrx_word' id='word_1_198' title='bbox 1309 3060 1510 3111; x_wconf 85' lang='lat' dir='ltr'>curae</span> <span class='ocrx_word' id='word_1_199' title='bbox 1573 3038 1900 3134; x_wconf 84' lang='lat' dir='ltr'>cordique</span> <span class='ocrx_word' id='word_1_200' title='bbox 1963 3036 2222 3111; x_wconf 87' lang='lat' dir='ltr'>haberi.</span> <span class='ocrx_word' id='word_1_201' title='bbox 2324 3036 2605 3114; x_wconf 83' lang='lat' dir='ltr'>Quibus</span> <span class='ocrx_word' id='word_1_202' title='bbox 2653 3061 2812 3110; x_wconf 87' lang='lat' dir='ltr'>vero</span> <span class='ocrx_word' id='word_1_203' title='bbox 2872 3038 2933 3110; x_wconf 89' lang='lat' dir='ltr'>si</span> <span class='ocrx_word' id='word_1_204' title='bbox 2994 3046 3063 3111; x_wconf 89' lang='lat' dir='ltr'>et</span> <span class='ocrx_word' id='word_1_205' title='bbox 3116 3027 3593 3113; x_wconf 85' lang='lat' dir='ltr'>testimonium</span> 
     </span>
    </p>
   </div>
   <div class='ocr_carea' id='block_1_4' title="bbox 557 3156 3679 3613">
    <p class='ocr_par' dir='ltr' id='par_1_5' title="bbox 557 3156 3679 3613">
     <span class='ocr_line' id='line_1_21' title="bbox 559 3156 3593 3255; baseline 0 -22"><span class='ocrx_word' id='word_1_206' title='bbox 559 3157 858 3244; x_wconf 87' lang='lat' dir='ltr'>accedit,</span> <span class='ocrx_word' id='word_1_207' title='bbox 910 3156 1104 3229; x_wconf 90' lang='lat' dir='ltr'>triste</span> <span class='ocrx_word' id='word_1_208' title='bbox 1147 3156 1322 3229; x_wconf 92' lang='lat' dir='ltr'>illud</span> <span class='ocrx_word' id='word_1_209' title='bbox 1342 3216 1361 3245; x_wconf 92' lang='lat'><em>,</em></span> <span class='ocrx_word' id='word_1_210' title='bbox 1413 3158 1536 3231; x_wconf 90' lang='lat' dir='ltr'>sed</span> <span class='ocrx_word' id='word_1_211' title='bbox 1576 3157 1968 3255; x_wconf 90' lang='lat' dir='ltr'>publicum,</span> <span class='ocrx_word' id='word_1_212' title='bbox 2020 3156 2209 3254; x_wconf 93' lang='lat' dir='ltr'>quod</span> <span class='ocrx_word' id='word_1_213' title='bbox 2248 3156 2336 3229; x_wconf 90' lang='lat' dir='ltr'>de</span> <span class='ocrx_word' id='word_1_214' title='bbox 2373 3180 2665 3254; x_wconf 86' lang='lat' dir='ltr'>magn0,</span> <span class='ocrx_word' id='word_1_215' title='bbox 2716 3156 2921 3230; x_wconf 84' lang='lat' dir='ltr'>eheu!</span> <span class='ocrx_word' id='word_1_216' title='bbox 2976 3157 3250 3233; x_wconf 88' lang='lat' dir='ltr'>virtutis</span> <span class='ocrx_word' id='word_1_217' title='bbox 3294 3184 3373 3232; x_wconf 87' lang='lat' dir='ltr'>ac</span> <span class='ocrx_word' id='word_1_218' title='bbox 3416 3159 3593 3235; x_wconf 87' lang='lat' dir='ltr'>vitae</span> 
     </span>
     <span class='ocr_line' id='line_1_22' title="bbox 557 3275 3593 3380; baseline 0.001 -31"><span class='ocrx_word' id='word_1_219' title='bbox 557 3276 948 3373; x_wconf 88' lang='lat' dir='ltr'>indolisque</span> <span class='ocrx_word' id='word_1_220' title='bbox 1025 3275 1454 3350; x_wconf 84' lang='lat' dir='ltr'>Christianae</span> <span class='ocrx_word' id='word_1_221' title='bbox 1527 3276 1709 3350; x_wconf 86' lang='lat' dir='ltr'>inter</span> <span class='ocrx_word' id='word_1_222' title='bbox 1767 3278 2058 3380; x_wconf 87' lang='lat' dir='ltr'>populos</span> <span class='ocrx_word' id='word_1_223' title='bbox 2132 3283 2408 3350; x_wconf 89' lang='lat' dir='ltr'>tantum</span> <span class='ocrx_word' id='word_1_224' title='bbox 2473 3299 2614 3349; x_wconf 93' lang='lat' dir='ltr'>non</span> <span class='ocrx_word' id='word_1_225' title='bbox 2688 3300 2927 3349; x_wconf 88' lang='lat' dir='ltr'>omnes</span> <span class='ocrx_word' id='word_1_226' title='bbox 2998 3276 3275 3351; x_wconf 85' lang='lat' dir='ltr'>defectu</span> <span class='ocrx_word' id='word_1_227' title='bbox 3345 3278 3593 3353; x_wconf 88' lang='lat' dir='ltr'>horum</span> 
     </span>
     <span class='ocr_line' id='line_1_23' title="bbox 569 3394 3679 3493; baseline -0.001 -25"><span class='ocrx_word' id='word_1_228' title='bbox 569 3395 840 3469; x_wconf 89' lang='lat' dir='ltr'>dierum</span> <span class='ocrx_word' id='word_1_229' title='bbox 886 3394 1134 3469; x_wconf 88' lang='lat' dir='ltr'>turbae</span> <span class='ocrx_word' id='word_1_230' title='bbox 1177 3396 1493 3492; x_wconf 88' lang='lat' dir='ltr'>politicae</span> <span class='ocrx_word' id='word_1_231' title='bbox 1534 3396 1892 3481; x_wconf 86' lang='lat' dir='ltr'>exhibent;</span> <span class='ocrx_word' id='word_1_232' title='bbox 1929 3440 2030 3457; x_wconf 89' lang='lat'>--</span> <span class='ocrx_word' id='word_1_233' title='bbox 2065 3396 2299 3493; x_wconf 86' lang='lat' dir='ltr'>ecquis</span> <span class='ocrx_word' id='word_1_234' title='bbox 2344 3394 2752 3468; x_wconf 82' lang='lat' dir='ltr'>diffitebitur</span> <span class='ocrx_word' id='word_1_235' title='bbox 2788 3396 3071 3469; x_wconf 87' lang='lat' dir='ltr'>tandem</span> <span class='ocrx_word' id='word_1_236' title='bbox 3087 3453 3108 3482; x_wconf 91' lang='lat'>,</span> <span class='ocrx_word' id='word_1_237' title='bbox 3156 3396 3344 3469; x_wconf 90' lang='lat' dir='ltr'>idem</span> <span class='ocrx_word' id='word_1_238' title='bbox 3384 3397 3590 3483; x_wconf 87' lang='lat' dir='ltr'>illud,</span> <span class='ocrx_word' id='word_1_239' title='bbox 3673 3458 3679 3465; x_wconf 87' lang='lat'>.</span> 
     </span>
     <span class='ocr_line' id='line_1_24' title="bbox 563 3513 3591 3613; baseline 0.001 -26"><span class='ocrx_word' id='word_1_240' title='bbox 563 3514 754 3611; x_wconf 89' lang='lat' dir='ltr'>quod</span> <span class='ocrx_word' id='word_1_241' title='bbox 829 3514 1164 3591; x_wconf 67' lang='lat' dir='ltr'>multum,</span> <span class='ocrx_word' id='word_1_242' title='bbox 1211 3521 1543 3610; x_wconf 90' lang='lat' dir='ltr'>perpetuo</span> <span class='ocrx_word' id='word_1_243' title='bbox 1626 3513 1954 3587; x_wconf 87' lang='lat' dir='ltr'>defecisse</span> <span class='ocrx_word' id='word_1_244' title='bbox 2023 3521 2184 3587; x_wconf 88' lang='lat' dir='ltr'>ante</span> <span class='ocrx_word' id='word_1_245' title='bbox 2243 3538 2370 3586; x_wconf 90' lang='lat' dir='ltr'>nos</span> <span class='ocrx_word' id='word_1_246' title='bbox 2446 3521 2757 3611; x_wconf 89' lang='lat' dir='ltr'>tempora</span> <span class='ocrx_word' id='word_1_247' title='bbox 2832 3514 3135 3588; x_wconf 85' lang='lat' dir='ltr'>vidimus</span> <span class='ocrx_word' id='word_1_248' title='bbox 3156 3572 3175 3602; x_wconf 93' lang='lat'><em>,</em></span> <span class='ocrx_word' id='word_1_249' title='bbox 3252 3514 3591 3613; x_wconf 89' lang='lat' dir='ltr'>cuiusque</span> 
     </span>
    </p>
   </div>
   <div class='ocr_carea' id='block_1_5' title="bbox 558 3614 3588 3824">
    <p class='ocr_par' dir='ltr' id='par_1_6' title="bbox 558 3614 3588 3824">
     <span class='ocr_line' id='line_1_25' title="bbox 558 3614 3588 3733; baseline 0.001 -28"><span class='ocrx_word' id='word_1_250' title='bbox 558 3632 866 3707; x_wconf 85' lang='lat' dir='ltr'>defectus</span> <span class='ocrx_word' id='word_1_251' title='bbox 931 3638 1035 3704; x_wconf 92' lang='lat' dir='ltr'>tot</span> <span class='ocrx_word' id='word_1_252' title='bbox 1099 3656 1420 3705; x_wconf 82' lang='lat' dir='ltr'>numero.</span> <span class='ocrx_word' id='word_1_253' title='bbox 1443 3632 1624 3707; x_wconf 87' lang='lat' dir='ltr'>mala</span> <span class='ocrx_word' id='word_1_254' title='bbox 1675 3633 1774 3705; x_wconf 91' lang='lat' dir='ltr'>rei</span> <span class='ocrx_word' id='word_1_255' title='bbox 1825 3632 2252 3707; x_wconf 82' lang='lat' dir='ltr'>Christianae</span> <span class='ocrx_word' id='word_1_256' title='bbox 2297 3614 2577 3719; x_wconf 87' lang='lat' dir='ltr'>intulit,</span> <span class='ocrx_word' id='word_1_257' title='bbox 2626 3632 2815 3705; x_wconf 88' lang='lat' dir='ltr'>haud</span> <span class='ocrx_word' id='word_1_258' title='bbox 2862 3657 3107 3730; x_wconf 88' lang='lat' dir='ltr'>parum</span> <span class='ocrx_word' id='word_1_259' title='bbox 3158 3656 3436 3733; x_wconf 92' lang='lat' dir='ltr'>quoque</span> <span class='ocrx_word' id='word_1_260' title='bbox 3480 3635 3588 3708; x_wconf 86' lang='lat' dir='ltr'>vel</span> 
     </span>
     <span class='ocr_line' id='line_1_26' title="bbox 559 3749 1203 3824; baseline 0.002 -1"><span class='ocrx_word' id='word_1_261' title='bbox 559 3749 764 3823; x_wconf 90' lang='lat' dir='ltr'>hodie</span> <span class='ocrx_word' id='word_1_262' title='bbox 813 3749 1203 3824; x_wconf 87' lang='lat' dir='ltr'>desiderari.</span> 
     </span>
    </p>
   </div>
   <div class='ocr_carea' id='block_1_6' title="bbox 1808 3944 2338 3958">
    <p class='ocr_par' dir='ltr' id='par_1_7' title="bbox 1808 3944 2338 3958">
     <span class='ocr_line' id='line_1_27' title="bbox 1808 3944 2338 3958; baseline 0 0"><span class='ocrx_word' id='word_1_263' title='bbox 1808 3944 2338 3958; x_wconf 95' lang='lat' dir='ltr'> </span> 
     </span>
    </p>
   </div>
   <div class='ocr_carea' id='block_1_7' title="bbox 559 4101 3589 4923">
    <p class='ocr_par' dir='ltr' id='par_1_8' title="bbox 559 4101 3589 4923">
     <span class='ocr_line' id='line_1_28' title="bbox 657 4101 3583 4207; baseline 0 -24"><span class='ocrx_word' id='word_1_264' title='bbox 657 4110 994 4185; x_wconf 86' lang='lat' dir='ltr'>Caussam</span> <span class='ocrx_word' id='word_1_265' title='bbox 1062 4108 1176 4207; x_wconf 83' lang='lat' dir='ltr'>egi</span> <span class='ocrx_word' id='word_1_266' title='bbox 1237 4108 1322 4183; x_wconf 90' lang='lat' dir='ltr'>A.</span> <span class='ocrx_word' id='word_1_267' title='bbox 1369 4109 1456 4183; x_wconf 88' lang='lat' dir='ltr'>A.</span> <span class='ocrx_word' id='word_1_268' title='bbox 1517 4108 1886 4184; x_wconf 86' lang='lat' dir='ltr'>tristiorem</span> <span class='ocrx_word' id='word_1_269' title='bbox 1906 4166 1925 4194; x_wconf 89' lang='lat'><strong><em>,</em></strong></span> <span class='ocrx_word' id='word_1_270' title='bbox 1991 4107 2239 4193; x_wconf 88' lang='lat' dir='ltr'>fateor,</span> <span class='ocrx_word' id='word_1_271' title='bbox 2306 4111 2381 4177; x_wconf 84' lang='lat' dir='ltr'>at</span> <span class='ocrx_word' id='word_1_272' title='bbox 2439 4101 2685 4202; x_wconf 85' lang='lat' dir='ltr'>quam,</span> <span class='ocrx_word' id='word_1_273' title='bbox 2746 4105 3031 4179; x_wconf 89' lang='lat' dir='ltr'>iubente</span> <span class='ocrx_word' id='word_1_274' title='bbox 3092 4107 3323 4181; x_wconf 88' lang='lat' dir='ltr'>animo</span> <span class='ocrx_word' id='word_1_275' title='bbox 3342 4165 3361 4195; x_wconf 93' lang='lat'><em>,</em></span> <span class='ocrx_word' id='word_1_276' title='bbox 3428 4133 3583 4183; x_wconf 86' lang='lat' dir='ltr'>mea</span> 
     </span>
     <span class='ocr_line' id='line_1_29' title="bbox 562 4222 3582 4326; baseline -0.001 -25"><span class='ocrx_word' id='word_1_277' title='bbox 562 4228 736 4301; x_wconf 91' lang='lat' dir='ltr'>mihi</span> <span class='ocrx_word' id='word_1_278' title='bbox 773 4252 1260 4325; x_wconf 88' lang='lat' dir='ltr'>proposueram</span> <span class='ocrx_word' id='word_1_279' title='bbox 1305 4230 1635 4303; x_wconf 84' lang='lat' dir='ltr'>Oratione</span> <span class='ocrx_word' id='word_1_280' title='bbox 1674 4228 2034 4326; x_wconf 84' lang='lat' dir='ltr'>agendam.</span> <span class='ocrx_word' id='word_1_281' title='bbox 2117 4223 2505 4297; x_wconf 88' lang='lat' dir='ltr'>Audivistis</span> <span class='ocrx_word' id='word_1_282' title='bbox 2537 4222 2869 4298; x_wconf 89' lang='lat' dir='ltr'>nimirum</span> <span class='ocrx_word' id='word_1_283' title='bbox 2889 4280 2909 4311; x_wconf 92' lang='lat'>‚</span> <span class='ocrx_word' id='word_1_284' title='bbox 2952 4269 3051 4283; x_wconf 92' lang='lat'><strong>—</strong></span> <span class='ocrx_word' id='word_1_285' title='bbox 3086 4226 3275 4323; x_wconf 88' lang='lat' dir='ltr'>quod</span> <span class='ocrx_word' id='word_1_286' title='bbox 3318 4227 3542 4299; x_wconf 89' lang='lat' dir='ltr'>omnis</span> <span class='ocrx_word' id='word_1_287' title='bbox 3561 4284 3582 4314; x_wconf 91' lang='lat'>‚</span> 
     </span>
     <span class='ocr_line' id='line_1_30' title="bbox 559 4343 3581 4444; baseline -0.001 -23"><span class='ocrx_word' id='word_1_288' title='bbox 559 4347 770 4421; x_wconf 79' lang='lat' dir='ltr'>eheu!</span> <span class='ocrx_word' id='word_1_289' title='bbox 811 4346 1092 4420; x_wconf 85' lang='lat' dir='ltr'>historia</span> <span class='ocrx_word' id='word_1_290' title='bbox 1118 4348 1396 4434; x_wconf 86' lang='lat' dir='ltr'>clamat,</span> <span class='ocrx_word' id='word_1_291' title='bbox 1431 4380 1544 4416; x_wconf 81' lang='lat'>-·</span> <span class='ocrx_word' id='word_1_292' title='bbox 1563 4348 1640 4420; x_wconf 82' lang='lat' dir='ltr'>id</span> <span class='ocrx_word' id='word_1_293' title='bbox 1677 4346 1958 4444; x_wconf 88' lang='lat' dir='ltr'>quidem</span> <span class='ocrx_word' id='word_1_294' title='bbox 1978 4403 1999 4433; x_wconf 92' lang='lat'>‚</span> <span class='ocrx_word' id='word_1_295' title='bbox 2040 4344 2229 4443; x_wconf 92' lang='lat' dir='ltr'>quod</span> <span class='ocrx_word' id='word_1_296' title='bbox 2255 4344 2328 4417; x_wconf 91' lang='lat' dir='ltr'>in</span> <span class='ocrx_word' id='word_1_297' title='bbox 2357 4344 2749 4417; x_wconf 89' lang='lat' dir='ltr'>Christiana</span> <span class='ocrx_word' id='word_1_298' title='bbox 2777 4343 3137 4442; x_wconf 76' lang='lat' dir='ltr'>Religione</span> <span class='ocrx_word' id='word_1_299' title='bbox 3162 4344 3581 4419; x_wconf 86' lang='lat' dir='ltr'>didacticum</span> 
     </span>
     <span class='ocr_line' id='line_1_31' title="bbox 562 4462 3583 4563; baseline -0.001 -22"><span class='ocrx_word' id='word_1_300' title='bbox 562 4492 642 4541; x_wconf 85' lang='lat' dir='ltr'>ac</span> <span class='ocrx_word' id='word_1_301' title='bbox 681 4466 1150 4563; x_wconf 86' lang='lat' dir='ltr'>dogmaticum</span> <span class='ocrx_word' id='word_1_302' title='bbox 1192 4474 1314 4538; x_wconf 91' lang='lat' dir='ltr'>aut</span> <span class='ocrx_word' id='word_1_303' title='bbox 1355 4466 1480 4553; x_wconf 89' lang='lat' dir='ltr'>sit,</span> <span class='ocrx_word' id='word_1_304' title='bbox 1531 4473 1654 4541; x_wconf 88' lang='lat' dir='ltr'>aut</span> <span class='ocrx_word' id='word_1_305' title='bbox 1700 4465 2047 4551; x_wconf 87' lang='lat' dir='ltr'>videatur,</span> <span class='ocrx_word' id='word_1_306' title='bbox 2099 4463 2194 4537; x_wconf 90' lang='lat' dir='ltr'>sic</span> <span class='ocrx_word' id='word_1_307' title='bbox 2239 4488 2362 4561; x_wconf 92' lang='lat' dir='ltr'>per</span> <span class='ocrx_word' id='word_1_308' title='bbox 2403 4464 2636 4537; x_wconf 86' lang='lat' dir='ltr'>omnia</span> <span class='ocrx_word' id='word_1_309' title='bbox 2680 4462 2823 4537; x_wconf 84' lang='lat' dir='ltr'>fere</span> <span class='ocrx_word' id='word_1_310' title='bbox 2871 4469 3179 4560; x_wconf 88' lang='lat' dir='ltr'>tempora</span> <span class='ocrx_word' id='word_1_311' title='bbox 3222 4462 3583 4538; x_wconf 87' lang='lat' dir='ltr'>hominum</span> 
     </span>
     <span class='ocr_line' id='line_1_32' title="bbox 561 4581 3581 4687; baseline -0 -28"><span class='ocrx_word' id='word_1_312' title='bbox 561 4585 932 4659; x_wconf 86' lang='lat' dir='ltr'>advertisse</span> <span class='ocrx_word' id='word_1_313' title='bbox 991 4591 1258 4657; x_wconf 90' lang='lat' dir='ltr'>mentes</span> <span class='ocrx_word' id='word_1_314' title='bbox 1303 4610 1382 4659; x_wconf 89' lang='lat' dir='ltr'>ac</span> <span class='ocrx_word' id='word_1_315' title='bbox 1425 4586 1729 4659; x_wconf 85' lang='lat' dir='ltr'>tenuisse</span> <span class='ocrx_word' id='word_1_316' title='bbox 1781 4584 2044 4687; x_wconf 85' lang='lat' dir='ltr'>animos</span> <span class='ocrx_word' id='word_1_317' title='bbox 2062 4641 2082 4670; x_wconf 91' lang='lat'>,</span> <span class='ocrx_word' id='word_1_318' title='bbox 2133 4590 2214 4655; x_wconf 93' lang='lat' dir='ltr'>ut</span> <span class='ocrx_word' id='word_1_319' title='bbox 2261 4590 2535 4669; x_wconf 88' lang='lat' dir='ltr'>contra,</span> <span class='ocrx_word' id='word_1_320' title='bbox 2588 4581 2777 4679; x_wconf 91' lang='lat' dir='ltr'>quod</span> <span class='ocrx_word' id='word_1_321' title='bbox 2826 4581 2901 4653; x_wconf 87' lang='lat' dir='ltr'>in·</span> <span class='ocrx_word' id='word_1_322' title='bbox 2941 4581 3131 4654; x_wconf 83' lang='lat' dir='ltr'>omni</span> <span class='ocrx_word' id='word_1_323' title='bbox 3182 4581 3541 4681; x_wconf 86' lang='lat' dir='ltr'>Religione</span> <span class='ocrx_word' id='word_1_324' title='bbox 3562 4644 3581 4672; x_wconf 93' lang='lat'>,</span> 
     </span>
     <span class='ocr_line' id='line_1_33' title="bbox 564 4701 3584 4801; baseline 0 -23"><span class='ocrx_word' id='word_1_325' title='bbox 564 4704 954 4779; x_wconf 83' lang='lat' dir='ltr'>Christiana</span> <span class='ocrx_word' id='word_1_326' title='bbox 1019 4728 1174 4776; x_wconf 90' lang='lat' dir='ltr'>vero</span> <span class='ocrx_word' id='word_1_327' title='bbox 1243 4704 1542 4778; x_wconf 86' lang='lat' dir='ltr'>maxime</span> <span class='ocrx_word' id='word_1_328' title='bbox 1561 4763 1582 4792; x_wconf 91' lang='lat'><em>,</em></span> <span class='ocrx_word' id='word_1_329' title='bbox 1659 4704 1972 4777; x_wconf 88' lang='lat' dir='ltr'>omnium</span> <span class='ocrx_word' id='word_1_330' title='bbox 2043 4701 2240 4775; x_wconf 82' lang='lat' dir='ltr'>facile</span> <span class='ocrx_word' id='word_1_331' title='bbox 2295 4702 2613 4800; x_wconf 91' lang='lat' dir='ltr'>princeps</span> <span class='ocrx_word' id='word_1_332' title='bbox 2684 4707 2790 4774; x_wconf 89' lang='lat' dir='ltr'>est</span> <span class='ocrx_word' id='word_1_333' title='bbox 2864 4702 3369 4801; x_wconf 89' lang='lat' dir='ltr'>praecipuoque</span> <span class='ocrx_word' id='word_1_334' title='bbox 3439 4705 3584 4779; x_wconf 92' lang='lat' dir='ltr'>loco</span> 
     </span>
     <span class='ocr_line' id='line_1_34' title="bbox 566 4820 3589 4923; baseline -0.001 -24"><span class='ocrx_word' id='word_1_335' title='bbox 566 4824 931 4899; x_wconf 86' lang='lat' dir='ltr'>colendum</span> <span class='ocrx_word' id='word_1_336' title='bbox 949 4882 970 4913; x_wconf 90' lang='lat'>‚</span> <span class='ocrx_word' id='word_1_337' title='bbox 1020 4824 1485 4923; x_wconf 87' lang='lat' dir='ltr'>negligeretur</span> <span class='ocrx_word' id='word_1_338' title='bbox 1523 4824 1824 4899; x_wconf 88' lang='lat' dir='ltr'>multum</span> <span class='ocrx_word' id='word_1_339' title='bbox 1846 4881 1866 4911; x_wconf 91' lang='lat'><em>,</em></span> <span class='ocrx_word' id='word_1_340' title='bbox 1917 4822 2058 4895; x_wconf 94' lang='lat' dir='ltr'>imo</span> <span class='ocrx_word' id='word_1_341' title='bbox 2093 4846 2252 4897; x_wconf 85' lang='lat' dir='ltr'>vero</span> <span class='ocrx_word' id='word_1_342' title='bbox 2289 4820 2629 4897; x_wconf 87' lang='lat' dir='ltr'>intactum</span> <span class='ocrx_word' id='word_1_343' title='bbox 2668 4821 2941 4920; x_wconf 87' lang='lat' dir='ltr'>saepius</span> <span class='ocrx_word' id='word_1_344' title='bbox 2978 4846 3057 4897; x_wconf 86' lang='lat' dir='ltr'>ac</span> <span class='ocrx_word' id='word_1_345' title='bbox 3096 4822 3237 4897; x_wconf 83' lang='lat' dir='ltr'>fere</span> <span class='ocrx_word' id='word_1_346' title='bbox 3284 4830 3589 4923; x_wconf 87' lang='lat' dir='ltr'>spretum</span> 
     </span>
    </p>
   </div>
   <div class='ocr_carea' id='block_1_8' title="bbox 4939 23 4944 541">
    <p class='ocr_par' dir='ltr' id='par_1_9' title="bbox 4939 23 4944 541">
     <span class='ocr_line' id='line_1_35' title="bbox 4939 23 4944 541; baseline 0 0"><span class='ocrx_word' id='word_1_347' title='bbox 4939 23 4944 541; x_wconf 95' lang='lat' dir='ltr'> </span> 
     </span>
    </p>
   </div>
  </div>
 </body>
</html>
