4967 6217
2255 1279 2655 1388 ACTA
2745 1283 2934 1386 ΕΤ
3027 1278 3522 1387 GESTA

1622 1548 1732 1612 IN
1776 1545 2425 1615 CONVEN'PIBUS
2470 1545 3014 1615 CLARISSIMI
3055 1544 3446 1611 ORDINIS
3489 1542 4160 1612 PROFESSORUM

1824 1788 2324 1872 ATHENAEI
2376 1789 2894 1871 ILLUSTRIS
2942 1720 3932 1889 AMSTELODAMENsls,

1306 2048 1317 2054 ·
1479 2020 1675 2081 INDE
1718 2024 1771 2081 A
1811 2022 2067 2084 FERIIS
2106 2024 2465 2087 AESTIVIS
2503 2025 2854 2087 MDcchI
2891 2024 2999 2087 AD
3038 2022 3243 2085 DmM
3282 2022 3483 2085 XXXI
3523 2022 3610 2083 M.
3647 2022 3824 2085 DEC.
3865 2024 4051 2085 EJUS
4092 2024 4310 2085 ANNL

1377 2502 1510 2576 Die
1566 2506 1655 2576 13
1714 2528 1809 2578 m.
1861 2504 2182 2581 Octobris
2232 2478 2604 2582 Curatores
2646 2510 3042 2606 praesentes
3081 2502 3310 2579 ordini
3345 2502 3672 2577 nuntiant
3721 2503 3834 2577 die
3881 2507 3926 2577 6
3963 2528 4058 2578 m.
4097 2504 4408 2603 Augusti

1676 2666 1683 2671 ·
1726 2622 1975 2698 Virum
2022 2624 2129 2701 Cl.
2176 2626 2243 2700 J.
2288 2626 2636 2701 Bossan
2681 2632 2934 2727 rogatu
2983 2647 3110 2697 suo
3151 2624 3556 2723 impetrasse
3605 2622 3964 2697 honestam
4011 2618 4408 2699 missioffem

1724 2742 2071 2842 simulque
2145 2769 2294 2820 esse
2366 2753 2688 2845 rogatum
2703 2803 2724 2835 ‚
2802 2751 2885 2819 ut
2950 2766 3128 2817 novo
3200 2742 3405 2819 titulo
3467 2740 3878 2817 Professoris
3930 2740 4409 2841 Philosophiae

1726 2861 2165 2937 Theoreticae
2238 2871 2310 2938 et
2376 2864 2766 2940 Literarum
2836 2863 3353 2939 Humaniorum
3425 2869 3710 2937 ornatus
3726 2920 3748 2951 ,
3827 2870 4170 2963 quantum
4234 2862 4410 2937 vires

1726 2980 2029 3054 sinerent
2045 3040 2065 3070 ,
2136 2982 2384 3058 scholis
2444 2982 2784 3058 habendis
2829 3007 3069 3059 vacare
3116 2982 3337 3058 vellet.
3439 2984 3676 3061 Quem
3721 2982 4018 3057 Senatus
4059 2982 4407 3056 Amstelo-

1726 3100 2074 3175 da'mensis
2118 3103 2361 3178 eodem
2401 3103 2516 3177 die
2553 3102 2628 3177 in
2674 3102 2884 3178 huius
2922 3102 3152 3179 locum
3193 3100 3447 3179 creavit
3481 3102 3834 3177 Historiae
3848 3161 3868 3191 ,
3919 3100 4374 3199 Eloquentiae
4387 3161 4406 3189 ,

1718 3218 1958 3295 Poesis
1978 3279 2000 3310 ‚
2078 3222 2600 3320 Antiquitatum
2620 3280 2641 3311 ,
2711 3221 3100 3297 Literarum
3170 3223 3590 3299 Graecarum
3653 3228 3725 3297 et
3782 3221 4186 3297 Latinarum
4243 3220 4410 3295 Pro-

1723 3337 2049 3415 fessorem
2071 3400 2091 3430 ,
2140 3340 2268 3416 Vir
2312 3343 2518 3419 Doct.
2567 3342 2616 3416 J
2617 3364 2960 3417 nammis
3005 3342 3428 3418 Coanmus
3479 3345 3885 3419 Gnnannus
3936 3342 4142 3415 Boor
4160 3399 4182 3429 ,
4229 3340 4408 3415 Phil.

1719 3457 1965 3536 Theor.
2038 3460 2235 3561 Mag.
2304 3462 2441 3538 Lit.
2507 3461 2732 3537 Hum.
2799 3462 2846 3537 J
2851 3487 2958 3543 ur.
3027 3462 3230 3537 Rom.
3289 3468 3362 3537 et
3415 3461 3608 3538 Hod.
3677 3462 3936 3537 Doctor
3954 3520 3973 3549 ‚
4049 3460 4410 3559 Gymnas-ii

1720 3576 2241 3654 Leovardiensis
2305 3582 2560 3656 Rector
2583 3641 2604 3671 ‚
2671 3584 2747 3657 in
2796 3588 3214 3659 conventum
3267 3582 3745 3658 introducitur.
3846 3581 4003 3656 Hac
4057 3581 4407 3655 occasione

1722 3694 1849 3769 Vir
1920 3696 2155 3795 Ampl.
2221 3699 2319 3774 H.
2388 3701 2455 3775 J.
2529 3702 2840 3775 Konmffl
2928 3702 3150 3801 patrio
3229 3725 3540 3777 sermone
3608 3711 3679 3777 et
3744 3702 3832 3775 de
3905 3700 4162 3799 scripto
4229 3700 4406 3773 dixit

1730 3816 1813 3887 de
1842 3819 2202 3911 praesenti
2246 3820 2548 3893 utilitate
2591 3823 2804 3895 studii
2843 3822 3194 3895 literarum
3241 3824 3692 3923 antiquarum.

1388 4054 1521 4129 Die
1582 4056 1675 4128 20
1728 4078 1825 4129 m.
1874 4054 2194 4133 Octobris
2253 4058 2381 4134 Vir
2446 4060 2552 4136 Cl.
2616 4061 2685 4137 J.
2737 4060 2818 4135 C.
2867 4060 2957 4134 G.
3003 4060 3209 4137 Boor
3253 4086 3511 4139 munus
3560 4060 3770 4151 adiit,
3819 4059 4054 4137 habita
4101 4060 4408 4153 oratione

1728 4176 1812 4249 de
1840 4185 2181 4274 perpetua
2210 4180 2628 4281 philologiae
2675 4181 3024 4279 dtynitate.

2725 4592 3056 4624 ..4—
