4967 6217
1873 628 2435 729 ORATIO.
2948 678 2955 693 ·
3588 668 3669 733 n

735 988 831 1063 Et
893 987 1002 1061 his
1069 987 1352 1085 quidem
1419 988 1508 1063 de
1577 987 1962 1087 antiquiore
2017 988 2137 1062 illo
2197 994 2505 1086 tempore
2575 987 2779 1062 dictis
2796 1045 2817 1076 ,
2884 971 3025 1063 iam
3098 1012 3377 1065 omnem
3431 990 3669 1067 videor

639 1108 811 1182 mihi
855 1107 1150 1181 Divinae
1198 1107 1684 1182 Patefactionis
1729 1104 2034 1177 indolem
2083 1104 2488 1179 delineasse.

731 1226 896 1301 Non
941 1234 1122 1301 certe
1159 1227 1372 1299 alium
1417 1228 1629 1299 finem
1661 1222 1934 1297 aliudve
1965 1244 2224 1295 munus
2263 1216 2567 1298 'uberiori
2605 1223 2743 1311 illi,
2782 1248 2921 1299 non
2958 1225 3167 1301 unius
3207 1228 3449 1326 populi
3464 1286 3484 1316 ‚
3536 1230 3661 1303 sed

637 1346 998 1420 hominum
1059 1345 1247 1419 omni
1299 1346 1446 1417 loco
1510 1367 1590 1418 ae
1647 1347 1954 1441 tempore
2006 1339 2352 1429 omnium,
2413 1365 2541 1439 per
2600 1340 2957 1417 Christum
3007 1345 3425 1421 institutioni
3463 1348 3659 1423 Deus

635 1464 982 1563 imposuit.
2275 1526 2283 1534 .

729 1584 906 1655 Ecce
921 1640 940 1669 ,
989 1580 1188 1655 adest
1237 1582 1519 1657 tandem
1537 1638 1559 1671 ‚
1608 1606 1818 1681 quem
1852 1580 2040 1681 pacis
2057 1640 2076 1669 ,
2127 1603 2338 1679 quem
2393 1578 2699 1655 iustitiae
2756 1582 3028 1681 antiqui
3073 1584 3655 1661 annuntiaverunt

633 1699 1016 1797 Prophetae
1055 1708 1406 1775 auctorem
1440 1705 1526 1795 ¹),
1576 1704 1913 1800 cuiusque
1958 1700 2248 1774 ultimus
2292 1724 2456 1774 mox
2502 1699 2841 1775 affuturae
2882 1702 3123 1777 salutis
3168 1706 3663 1802 praenuntius,

639 1842 838 1893 nesse
909 1820 1057 1893 eius
1119 1820 1194 1893 in
1254 1846 1472 1895 manu
1537 1822 1996 1896 ventilabrum
2066 1819 2272 1909 dixit,
2347 1844 2486 1918 quo
2551 1819 2918 1894 mundaret
2979 1846 3207 1896 aream
3274 1848 3473 1898 suam
3491 1883 3510 1912 ,
3582 1834 3661 1899 ut

512 1984 524 1998 ·
632 1944 991 2037 segregato
1057 1940 1130 2014 in
1196 1941 1519 2015 horreum
1585 1941 1812 2015 tritico
1827 1998 1848 2029 ,
1915 1939 2145 2037 paleas
2207 1940 2371 2037 igne
2446 1937 2878 2012 combureret
2897 1939 2962 2011 !’'
3002 1942 3065 2031 2)
3196 1942 3375 2015 Ecce
3394 2000 3413 2030 ,
3464 1942 3662 2017 adest

629 2057 928 2131 Divinus
967 2059 1084 2134 ille
1129 2060 1421 2134 Divinae
1463 2060 1844 2159 Religionis
1891 2066 2131 2134 auctor
2149 2116 2168 2146 ,
2217 2058 2291 2131 in
2343 2056 2543 2131 cuius
2588 2056 2921 2131 ineffabili
2956 2083 3119 2157 erga
3154 2084 3379 2159 genus
3411 2060 3658 2137 huma-

629 2200 799 2251 num
847 2202 1076 2251 amore
1095 2237 1115 2266 ,
1164 2180 1238 2253 in
1283 2180 1483 2255 cuius
1529 2180 1670 2254 vita
1715 2179 1906 2253 omni
1955 2177 2302 2275 rebusque
2350 2176 2709 2265 omnibus,
2760 2176 2889 2251 hoo
2938 2202 3160 2253 unum
3213 2203 3482 2279 semper
3522 2181 3658 2280 ipsi

626 2298 1054 2403 propositum
1087 2299 1462 2388 cernimuS,
1515 2306 1596 2373 ut
1633 2306 1952 2399 superato
1993 2297 2381 2373 vitiositatis
2407 2298 2590 2372 inter
2616 2297 2937 2371 homines‘
2960 2298 3313 2397 fractoque
3338 2300 3659 2397 imperio,

625 2416 752 2490 hos
797 2416 1085 2491 idoneos
1135 2418 1494 2511 redderet,
1544 2420 1668 2518 qui
1707 2419 1818 2494 sui
1853 2420 2072 2493 instar
2115 2417 2206 2493 ad
2251 2442 2484 2491 veram
2530 2417 2742 2491 animi
2758 2489 2767 2499 ,
2786 2418 3103 2514 vitaeque
3150 2419 3480 2515 pietatem
3497 2476 3518 2507 ,
3568 2419 3659 2493 ad

625 2536 952 2609 moralem
991 2536 1240 2611 virium
1279 2539 1593 2613 omnium
1629 2537 2150 2638 explicationem
2168 2592 2187 2622 ,
2237 2536 2328 2609 ad
2368 2534 2506 2609 Dei
2540 2534 2727 2609 adeo·
2752 2533 3275 2609 similitudinem
3314 2536 3661 2634 adspirare

625 2660 906 2750 possent
953 2660 1164 2751 atque
1212 2656 1605 2753 procedere.

727 2800 766 2842 ιι
775 2772 1142 2846 Meliorem
1175 2781 1482 2847 mentem
1517 2771 1887 2846 induimini
1902 2774 1968 2844 !''
1999 2774 2062 2863 ³)
2103 2795 2190 2843 en
2225 2768 2553 2869 primam,
2602 2772 2836 2846 omnia
2872 2772 3013 2847 iam
3055 2773 3621 2872 complectentem
3640 2836 3661 2866 ‚

627 2885 867 2964 Dixiini
915 2890 1290 2965 Servatoris
1348 2892 1438 2965 ad
1493 2891 1804 2965 homines
1848 2914 2082 2965 vocem
2097 2949 2117 2978 ,
2169 2913 2307 2987 qua
2359 2888 2633 2964 doceret
2678 2914 2793 2965 eos
2809 2949 2830 2979 ,
2879 2892 2971 2964 ad
3028 2900 3336 2967 sanctam
3358 2952 3378 2981 ‚
3448 2920 3659 2993 quam

623 3009 948 3083 conderet
966 3068 985 3098 ,
1037 2996 1436 3084 societatem
1489 3017 1724 3109 patere
1771 3010 2038 3083 aditum
2084 3008 2258 3082 nulli
2274 3067 2295 3096 ,
2343 3008 2480 3081 nisi
2526 3034 2650 3107 per
2700 3010 3034 3085 sinceram
3086 3012 3298 3086 animi
3342 3013 3661 3113 vitaeque

623 3129 1196 3204 emendationem.
1297 3131 1402 3205 Eo
1443 3154 1518 3205 se
1564 3131 1637 3204 in
1679 3129 2025 3209 mundum
2071 3129 2334 3202 venisse
2387 3128 2669 3203 consilio
2720 3128 2929 3217 dixit,
2980 3156 3119 3205 non
3166 3138 3247 3203 ut
3302 3131 3663 3231 abrogaret

621 3247 758 3322 Dei
802 3248 1028 3347 legem
1079 3249 1438 3337 moralem,
1495 3251 1619 3323 sed
1669 3256 1750 3323 ut
1795 3248 2042 3324 melius
2088 3247 2529 3346 sanctiusque
2577 3248 2765 3322 illius
2821 3248 3285 3324 observandae
3336 3250 3661 3325 omnibus

605 3394 742 3465 per
766 3371 984 3465 fidem
1031 3393 1104 3443 se
1151 3368 1400 3443 ducem
1445 3370 1804 3467 praeberet
1845 3371 1931 3460 ⁴).
2035 3368 2148 3440 Sic
2189 3392 2432 3440 omnes
2473 3368 2809 3463 Regnum
2850 3367 2987 3440 Dei
3032 3368 3233 3464 eique
3274 3393 3654 3466 congruen-

621 3492 767 3561 tem
815 3486 1232 3583 probitatem
1250 3544 1269 3574 ‚
1321 3488 1565 3561 ceteris
1603 3484 2012 3585 posthabitis
2029 3542 2048 3572 ,
2097 3507 2420 3581 quaerere
2472 3479 2719 3569 iussit,
2790 3488 2871 3555 ut
2919 3506 3060 3555 non
3106 3484 3446 3557 sufficeret
3490 3510 3653 3559 eum

623 3603 1046 3701 Magistrum
1083 3629 1163 3679 ac
1205 3606 1589 3679 Dominum
1633 3604 1937 3703 profiteri
1977 3604 2039 3694 ⁵)
2061 3660 2080 3690 ,
2133 3601 2256 3675 sed
2301 3599 2527 3674 Patris
2574 3599 2908 3673 Coelestis
2957 3602 3384 3675 voluntatem
3431 3604 3657 3678 facere

622 3746 841 3819 eoque
879 3723 1165 3796 tendere
1188 3781 1209 3811 ,
1266 3752 1302 3793 u
1322 3731 1404 3797 ut
1446 3719 1726 3823 perfecti
1776 3724 2055 3811 fierent,
2103 3718 2693 3819 quemadmodum
2738 3727 2918 3793 esset
2957 3720 3073 3793 ille
3115 3720 3459 3817 perfectus
3478 3723 3543 3795 !''
3582 3725 3645 3813 ⁰)

625 3842 738 3915 Sic
785 3841 960 3915 adeo
999 3842 1214 3917 vitam
1257 3868 1456 3917 suam
1499 3842 1858 3942 deposuit,
1907 3849 1990 3915 ut
2025 3839 2388 3915 moriundo
2427 3862 2552 3935 pro
2589 3838 2885 3936 peccatis
2909 3897 2928 3927 ,
2979 3864 3105 3912 nos
3143 3839 3330 3938 ipsos
3367 3848 3651 3939 peccato

623 3960 810 4035 mori
844 3962 1137 4037 doceret.
1235 3964 1331 4037 Et
1379 3963 1476 4039 sio
1527 3964 1603 4037 in
1655 3964 1868 4037 vitam
1921 3962 2159 4050 rediit,
2197 3967 2288 4034 -ut
2333 3983 2549 4033 novae
2590 3964 3041 4059 aeternaeque
3088 3959 3266 4035 vitae
3319 3960 3392 4033 in
3444 3962 3651 4035 nobis

627 4081 936 4154 studium
987 4082 1216 4155 aleret.

719 4200 880 4273 Hoc
931 4200 1146 4299 igitur
1187 4202 1396 4275 modo
1436 4201 1733 4277 Divinus
1776 4202 1892 4276 ille
1929 4226 2068 4275 non
2111 4198 2406 4274 doctoris
2440 4198 2814 4297 dogmatici
2854 4221 3139 4272 munere
3182 4196 3464 4271 functus
3504 4208 3648 4287 est,

624 4317 747 4392 sed
829 4318 1088 4393 ratione
1157 4346 1425 4420 semper
1488 4323 1731 4397 morali
1787 4323 2012 4397 lucem
2081 4346 2158 4395 ac
2229 4320 2657 4393 Servatorem
2707 4318 2955 4392 mundi
3008 4341 3082 4391 se
3138 4316 3499 4416 praestitit.
3544 4354 3645 4377 -ι-

621 4438 840 4511 Deum
878 4438 1233 4536 patefecit,
1271 4465 1408 4515 non
1443 4448 1527 4515 ut
1561 4447 1846 4517 naturae
1879 4440 2028 4515 eius
2062 4464 2305 4514 arcana
2339 4438 2935 4537 interpretaretur,
2966 4436 3090 4511 sed
3130 4443 3210 4510 ut
3244 4435 3649 4513 hominibus

701 4726 752 4803 ¹)
793 4728 911 4790 Ins.
949 4730 1072 4791 IX:
1121 4736 1173 4790 2.
1217 4731 1480 4791 XXXII:
1528 4736 1634 4805 14,
1679 4734 1751 4791 15
1795 4750 1882 4791 vv.
1937 4730 2066 4789 Ina.
2107 4728 2340 4791 XXIII:
2388 4732 2443 4787 6.
2628 4727 2681 4804 ¹)
2724 4728 2887 4790 Mar.
2926 4730 3053 4793 III:
3101 4734 3199 4791 12.
3322 4732 3329 4737 '
3374 4730 3427 4803 ⁸)
3471 4730 3639 4790 Mn.

621 4822 738 4881 IV:
787 4826 880 4887 17.
923 4824 1122 4887 Maso.
1164 4826 1224 4886 I:
1273 4828 1366 4888 15.
1569 4826 1624 4903 ⁵)
1665 4826 1828 4888 Mar.
1869 4826 1952 4885 V:
1998 4826 2093 4889 17.
2312 4822 2364 4899 ⁸)
2404 4822 2567 4884 Mar.
2606 4824 2753 4885 VII:
2799 4828 2893 4886 21.
3111 4826 3165 4902 ο)
3208 4824 3370 4885 Mar.
3412 4825 3493 4885 V:
3540 4830 3641 4888 48.

3146 4926 3257 5011 2³!
