4967 6217
1698 690 2305 774 ‘ORATIQ
3003 728 3012 735 ·
3431 706 3514 773 25

588 910 795 991 Unde
844 912 1262 1013 'intelligitur
1324 910 1413 984 A.
1457 910 1548 984 A.
1598 910 1735 985 nisi
1778 936 1890 986 me
1941 912 2175 989 omnia
2220 914 2497 1000 fallant,
2547 910 2720 1009 quid
2763 912 3060 985 maxime
3099 911 3227 999 sit,
3279 912 3466 1009 quod
3486 970 3505 998 ,

488 1034 733 1107 ceteris
789 1033 931 1107 fere
990 1029 1317 1107 omnibus
1380 1028 1834 1127 posthabitis,
1902 1057 1947 1105 a
2004 1032 2259 1107 Divina
2336 1030 2700 1129 Religione
2779 1038 3056 1130 tempus
3140 1031 3270 1105 hoc
3347 1055 3503 1104 nos-

490 1158 677 1226 trum
726 1153 1051 1251 postulet.

586 1272 701 1344 Ita
749 1271 1081 1343 nimirum
1128 1265 1387 1341 Christi
1426 1266 1701 1365 Religio
1742 1276 1987 1365 pergat
2028 1268 2295 1341 miseris
2334 1266 2596 1341 nobis
2575 1294 2650 1341 in
2697 1268 2840 1341 vita
2883 1292 2962 1341 ac
2999 1274 3218 1341 morte
3256 1267 3510 1341 Divino

490 1388 731 1463 solatio
795 1414 978 1476 esse,
1050 1394 1121 1459 et
1177 1386 1277 1458 ita
1338 1384 1587 1457 clarius
1649 1408 1917 1482 semper
1980 1387 2500 1485 simpliciusque
2575 1410 2701 1459 nos
2773 1386 3100 1459 Divinam
3156 1388 3513 1461 veritatem

490 1505 798 1581 docendo
845 1504 1202 1603 procedat,
1246 1544 1345 1563 -
1388 1510 1471 1577 ut
1512 1502 1825 1577 omnium
1870 1506 2170 1579 maxime
2228 1506 2437 1579 simul
2482 1506 2636 1602 ipsa
2679 1502 2960 1577 insitam
3005 1504 3142 1577 sibi
3184 1504 3514 1578 moralem

490 1622 632 1697 vim
692 1646 773 1696 ac
834 1620 1324 1720 praestantiam
1380 1620 1787 1695 mortalibus
1844 1622 2175 1720 explicet,
2238 1630 2311 1696 et
2363 1648 2520 1697 vero
2565 1623 2662 1696 sic
2701 1622 3163 1721 explicentur,
3211 1631 3518 1697 crescant

488 1765 828 1839 suamque
892 1740 1033 1815 vim
1088 1762 1367 1813 omnem
1424 1747 1779 1827 exserant,
1830 1764 2009 1838 quae
2055 1742 2247 1815 intus
2290 1741 2361 1815 in
2408 1742 2688 1815 homine
2741 1742 2995 1829 latent,
3046 1740 3322 1815 moralis
3367 1764 3520 1839 per·

488 1860 799 1935 fectionis
847 1884 929 1934 ac
975 1858 1431 1957 praestantiae
1480 1859 1781 1933 semina!

586 1981 832 2079 Apage
903 1979 1121 2077 igitur
1176 1976 1585 2050 reviviscens
1650 1978 1863 2067 illud,
1929 1986 2003 2052 at
2072 1979 2250 2053 vitae
2315 2003 2473 2052 vere
2525 1977 2959 2052 Christianae
3019 1978 3522 2079 hominumque

491 2099 699 2173 saluti
744 2097 1311 2171 nocentissimum
1350 2120 1621 2194 semper
1638 2155 1658 2185 ‚
1709 2098 2155 2196 dogmatismi
2192 2099 2263 2171 in
2300 2097 2630 2171 Divinam
2669 2096 3074 2196 religionem
3117 2098 3522 2196 imperium!

488 2219 735 2316 Apage
784 2209 1117 2315 quicquid
1169 2239 1489 2315 perversa
1529 2240 1609 2289 ac
1657 2240 1860 2291 coeca
1897 2217 2261 2290 hominum
2309 2216 2542 2290 studia
2567 2273 2588 2303 ,
2632 2241 2762 2314 per
2804 2223 2911 2289 tot
2946 2216 3088 2291 iam
3135 2217 3524 2290 seculorum

490 2334 855 2409 decursum
877 2391 897 2421 ‚
967 2334 1335 2433 Euangelii
1402 2334 1893 2409 admiscuerint
1965 2335 2427 2435 simplicitati!
2528 2333 2733 2407 Vitae
2804 2344 3037 2408 autem
3115 2334 3260 2407 dux
3325 2334 3526 2409 nobis

489 2462 699 2552 atque
765 2453 1098 2551 magistra
1154 2454 1247 2527 sit
1316 2454 1425 2527 vel
1481 2454 1633 2552 ipsa
1701 2455 1819 2529 illa
1834 2512 1854 2542 ‚
1918 2479 2131 2553 quam
2196 2453 2766 2528 adumbravimus
2782 2509 2803 2538 ,
2873 2454 3216 2526 Ecclesiae
3292 2454 3528 2551 reique
3643 2456 3654 2465 ‘

490 2572 920 2647 Christianae
978 2572 1262 2647 historia
1276 2632 1297 2661 ,
1346 2598 1435 2646 ne
1485 2572 1577 2646 ad
1621 2573 1963 2646 obsoletas
2010 2573 2165 2645 lites
2207 2562 2693 2666 doctrinasque
2755 2575 2943 2641 aetas
3006 2576 3240 2643 nostra
3293 2570 3531 2644 redeat

490 2690 597 2767 uti
668 2690 861 2765 canis
928 2691 1019 2765 ad
1089 2692 1458 2777 vomitum3
1533 2691 1656 2763 sed
1712 2714 1871 2762 vero
1941 2689 2195 2763 evitare
2211 2747 2230 2776 ,
2296 2690 2601 2787 effugere
2623 2745 2644 2775 ,
2716 2686 3192 2769 abhorrescere
3261 2688 3486 2763 discat
3503 2748 3524 2777 ,

491 2833 971 2907 quaecumque
1038 2815 1183 2882 tam
1246 2809 1403 2894 diu,
1469 2808 1683 2881 eheu!
1752 2806 2080 2882 Divinam
2136 2807 2279 2881 vim
2328 2804 2715 2904 Religionis
2767 2806 3127 2880 arcuerint.
3225 2806 3530 2907 Pergant

490 2928 707 3025 igitur
775 2926 1014 2999 Critici
1033 2983 1053 3013 ‚
1118 2922 1411 3025 pergant
1460 2928 1881 3025 Interpretes
1894 2984 1915 3013 ,
1981 2933 2274 3025 pergant
2326 2923 2726 3022 Dogmatici
2746 2981 2765 3010 ,
2831 2924 3177 3022 ceterique
3235 2935 3531 3024 pergant

495 3044 867 3119 Sanctioris
907 3044 1331 3143 Disciplinae
1378 3045 1709 3131 cultores,
1760 3044 1833 3117 in
1871 3045 2167 3119 Divinae
2206 3043 2598 3142 Religionis
2655 3042 2954 3131 fontem,
3003 3053 3530 3142 argumentum,

490 3162 793 3236 indolem
810 3219 831 3249 ,
890 3160 1031 3235 vim
1084 3187 1363 3237 omnem
1426 3171 1498 3236 et
1546 3164 2025 3237 auctoritatem
2044 3222 2064 3252 ‚
2127 3162 2319 3237 omni
2366 3160 2680 3236 adhibita
2731 3162 3186 3236 sollicitudine
3207 3222 3226 3251 ‚
3278 3164 3490 3237 libere
3509 3224 3528 3250 ‚

394 3286 401 3291 ’
494 3282 693 3355 docte
749 3306 829 3355 ae
890 3282 1005 3379 pie
1066 3281 1433 3380 inquirere.
1536 3284 1816 3380 Suoque
1879 3284 1976 3355 sic
2028 3282 2176 3356 iure
2192 3340 2213 3369 ,
2277 3281 2461 3355 inter
2509 3288 2767 3354 ceteras
2813 3282 3264 3357 Academicas
3303 3284 3528 3361 Disci-

494 3400 718 3498 plinas
735 3457 755 3486 ,
824 3423 1033 3474 suum
1101 3399 1313 3497 digne
1378 3407 1657 3473 tueatur
1723 3400 2117 3473 Christiana
2176 3399 2552 3495 Theologia
2601 3399 2868 3471 locum!
2969 3400 3068 3471 At
3123 3424 3280 3473 vero
3331 3402 3528 3473 Chri-

498 3519 703 3593 stiani
776 3518 1043 3591 discant
1107 3518 1207 3591 ita
1271 3518 1491 3591 doctis
1532 3518 1717 3591 hisce
1761 3516 2115 3591 laboribus
2172 3517 2309 3589 frui
2325 3575 2344 3604 ,
2412 3524 2494 3589 ut
2537 3539 2764 3613 neque
2811 3516 3256 3620 Theologiam
3301 3517 3532 3593 denuo

496 3635 925 3710 confundant
1007 3659 1169 3709 cum
1238 3635 1635 3733 Religione,
1714 3658 1941 3733 neque
2010 3635 2209 3709 Fidei
2269 3642 2393 3708 aut
2469 3633 2856 3732 Religionis
2931 3634 3180 3733 Capita
3250 3636 3530 3735 verique

494 3754 795 3830 nominis
863 3756 1212 3854 Dogmata
1282 3754 1706 3840 Christiana,
1770 3753 1907 3827 nisi
1970 3754 2178 3828 modo
2246 3778 2329 3827 ea
2392 3752 2698 3826 habeant
2721 3808 2740 3839 ,
2809 3777 2986 3850 quae
3044 3753 3393 3851 pertinent
3437 3756 3532 3830 ad

498 3876 909 3975 σωτηρίαν,
899 3903 919 3923 ·
979 3898 1159 3973 quae
1211 3874 1351 3947 vim
1401 3873 1685 3948 omnino
1736 3872 2067 3946 moralem
2123 3880 2333 3970 atque
2392 3870 2766 3969 practicam
2829 3872 3128 3969 spirant3
3198 3898 3378 3971 quae
3440 3899 3526 3947 ex

499 3994 760 4068 Christi
826 4000 1061 4067 mente
1128 3994 1219 4067 ad
1292 4016 1522 4067 veram
1591 3992 1807 4066 animi
1862 3992 2177 4089 vitaeque
2239 3991 2497 4077 faciant
2561 3990 3144 4078 emendationem,
3210 4015 3529 4089 quaeque

484 4112 731 4243 {³⁸9³
810 4111 1187 4201 Coelestis,
1259 4110 1349 4186 ab
1422 4114 1587 4209 Ipso
1652 4110 1951 4209 conditi,
2020 4110 2200 4213 inter
2261 4110 2621 4198 homines,
2691 4116 2764 4183 et
2825 4134 2982 4184 vero
3045 4110 3118 4184 in
3183 4110 3528 4185 nobismet

500 4230 706 4326 ipsis,
755 4212 1256 4305 incrementum
1308 4238 1621 4328 spectant
1668 4238 1740 4303 et
1786 4188 2328 4328 explicationem.

604 4346 705 4420 Ut
765 4348 973 4422 verbo
1036 4350 1300 4423 dicam:
1374 4350 1457 4423 in
1522 4348 1941 4423 doctrinis
2010 4372 2197 4422 vere
2257 4350 2666 4446 practicis
2733 4348 3042 4434 unitas,
3107 4348 3192 4419 in
3251 4348 3524 4422 minus

504 4465 911 4566 practicis
976 4466 1367 4556 libertaS,
1436 4468 1523 4541 in
1583 4466 1978 4542 omnibus
2039 4468 2500 4565 prudentia·
2540 4477 2623 4541 et
2670 4466 3018 4541 caritas!
3071 4466 3239 4539 haec
3282 4491 3524 4555 aurea,

507 4587 676 4660 haec
744 4592 979 4661 sancta
995 4643 1015 4673 ‚
1066 4585 1269 4659 nobis
1322 4594 1692 4682 nostroque
1750 4586 2045 4684 tempori
2096 4587 2206 4659 lex
2258 4595 2467 4683 atque
2517 4588 2757 4686 regula
2805 4586 2989 4661 esto!
3091 4588 3206 4659 Ita
3246 4586 3527 4668 demum

510 4705 737 4779 veniet
778 4704 897 4779 illa
955 4703 1085 4779 hz'ic
1144 4705 1379 4778 nostra
1441 4703 1682 4777 melior
1725 4710 1917 4777 aetas
1935 4761 1955 4791 ,
2006 4702 2131 4776 ubi
2172 4704 2347 4777 nihil
2388 4708 2672 4780 omnino
2719 4705 2887 4779 fidei
2940 4705 3106 4793 erit,
3158 4706 3346 4803 quod
3391 4730 3528 4781 non

511 4825 602 4897 sit
659 4823 837 4899 vitae
858 4882 878 4912 ‚
945 4825 1050 4900 uti
1105 4824 1205 4899 nil
1254 4824 1431 4899 vitae
1446 4882 1465 4911 ,
1515 4823 1704 4922 quod
1752 4848 1891 4897 non
1940 4823 2029 4898 sit
2078 4822 2281 4912 fidei;
2338 4826 2455 4901 ubi
2505 4823 2864 4901 silentibus
2917 4824 3198 4900 tandem
3247 4826 3526 4925 dogma-

2551 4942 2556 4950 ’
3107 4950 3155 5017 4
