4967 6217
1390 708 1475 781 ‘86
2333 716 2718 783 SERIES
2807 714 3458 784 LEcrlonuu.

1484 922 1617 996 Ius
1646 924 1948 1021 yeutium
1987 923 2417 1019 Eurwaeum
2439 980 2460 1010 ‚
2509 922 2686 999 duce
2732 924 2954 999 Henr.
3021 925 3340 999 Wheaton
3360 979 3381 1010 ,
3433 907 3811 1011 (E‘le‘ments
3849 922 3940 995 du
3977 924 4160 995 droit
4195 924 4402 996 inter-

1387 1041 1701 1113 national
1712 1096 1733 1127 ,
1779 1038 1973 1138 Lips.
2018 1046 2089 1115 et
2130 1039 2325 1115 Paris
2342 1097 2363 1128 ,
2416 1044 2638 1134 1848)
2711 1049 3007 1142 exponet
3063 1044 3153 1119 G.
3198 1044 3285 1117 G.
3333 1041 3642 1115 Vama·
3660 1098 3682 1129 ,
3743 1039 3990 1115 diebus
4049 1040 4289 1114 martis
4334 1050 4404 1113 et

1384 1158 1680 1247 saturni,
1726 1157 1891 1232 hora
1940 1157 2035 1235 X.
3832 1233 3847 1247 ,

1480 1277 1611 1351 Ius
1666 1277 2015 1353 criminale
2033 1336 2056 1368 ‚
2124 1286 2271 1354 tam
2333 1280 2674 1356 Batavum
2738 1306 2950 1381 quam
3008 1304 3338 1356 commune
3358 1337 3379 1367 ‚
3450 1276 3725 1353 docebit
3789 1276 3876 1351 G.
3921 1277 4009 1350 G.
4057 1274 4364 1349 anxnr.
4383 1334 4402 1361 ‚

1384 1394 1631 1471 diebus
1676 1396 2032 1486 mercurii,
2079 1397 2251 1473 iovis
2298 1406 2370 1473 et
2415 1400 2682 1475 veneris
2701 1458 2720 1489 ,
2769 1401 2938 1475 hora
2983 1400 3188 1474 VIII.

1498 1516 1797 1589 Codicem
1834 1517 2327 1595 ‘Quaestionum
2374 1514 2820 1593 m‘min'alium
2880 1518 3251 1619 explicabit
3311 1518 3400 1593 G.
3449 1516 3534 1590 G.
3588 1514 3896 1589 Vnznnx
3913 1572 3932 1601 ,
3997 1511 4246 1586 diebus
4289 1536 4400 1585 ve-

1383 1632 1564 1709 neris
1612 1641 1683 1709 et
1730 1634 2033 1722 saturni,
2081 1636 2244 1709 hora
2294 1635 2334 1707 I
2352 1693 2372 1723 ,
2424 1636 2537 1711 die
2585 1638 2756 1714 iovis
2777 1696 2797 1726 ,
2845 1639 3010 1713 hora
3062 1637 3156 1711 X.

1482 2110 1539 2184 I.
1584 2108 1681 2186 H.
1728 2109 2019 2185 H1soxn
2038 2168 2059 2199 ‚
2110 2111 2496 2188 litterarum
2546 2112 3114 2187 Germanicarum
3156 2110 3405 2186 Lector
3423 2169 3442 2198 ‚
3493 2108 3742 2184 diebus
3783 2114 3856 2182 et
3903 2106 4090 2181 horis
4135 2103 4397 2178 audito-

1382 2226 1579 2301 ribus
1606 2229 1987 2303 commodis
2003 2287 2023 2317 ,
2061 2230 2374 2305 Litteras
2412 2234 2848 2307 Germanicas
2881 2239 2952 2306 et
2975 2232 3394 2306 Litterarum
3433 2229 3978 2305 Germanicarum
4016 2226 4363 2299 historiam
4384 2280 4402 2310 ‚

1382 2348 1539 2421 inde
1586 2373 1633 2419 a
1678 2371 1807 2423 sec.
1859 2348 2195 2437 XVIII,
2244 2359 2562 2449 exponet.
4055 2448 4066 2459 ,

1484 2466 1543 2539 Ι.
1586 2464 1929 2541 Vnumne
1951 2524 1972 2554 ‚
2040 2466 2425 2543 litterarum
2488 2471 2937 2571 Anglicarum
2996 2471 3275 2558 Lector,
3342 2470 3653 2545 Litteras
3713 2467 4036 2567 Anylicas
4089 2462 4399 2561 docebit!

1382 2584 1547 2657 hora
1596 2584 2029 2660 auditoribus
2074 2589 2455 2663 commoda.

1477 2702 1561 2777 L.
1609 2726 1707 2775 nx
1749 2703 2049 2777 Flusor.
2072 2762 2091 2791 ‚
2139 2704 2596 2784 Academicus
2647 2704 3110 2784 Gladiatoriae
3154 2702 3319 2782 artis
3363 2707 3702 2807 Magister
3717 2763 3737 2793 ,
3797 2703 4112 2804 quotidie
4153 2710 4392 2803 aptum

1383 2827 1453 2891 ct
1503 2819 1892 2919 elegantem
1936 2822 2151 2921 gladii
2198 2848 2407 2901 usum
2455 2825 2751 2901 docebit.

1480 3299 1914 3374 Bibliotheca
1980 3304 2379 3387 Academica
2451 3303 2685 3377 diebus
2753 3305 2954 3389 lunae
2971 3354 3002 3389 ,-
3053 3304 3294 3376 martis
3311 3356 3332 3389 ,
3379 3303 3729 3388 mercurii,
3775 3302 3940 3375 iovis
3977 3308 4048 3373 et
4083 3303 4393 3386 saturni,

1390 3416 1475 3489 ab
1524 3416 1705 3491 bord
1739 3419 1921 3492 XII
1954 3422 2030 3494 in
2071 3421 2133 3495 I
2136 3421 2221 3509 V,
2268 3422 2618 3517 seriarum
2664 3430 2886 3496 autem
2935 3408 3226 3519 teaehpore
3259 3421 3543 3520 sinyulis
3585 3420 3818 3495 diebus
3850 3420 4054 3505 iovis,
4099 3419 4184 3491 ab
4235 3419 4414 3489 Ιιονιῖ

1386 3534 1448 3603 J.
1487 3536 1585 3609 ad
1627 3533 1812 3624 III,
1860 3531 2223 3639 uniquique
2252 3532 2546 3637 palebit.
2646 3542 2958 3617 Muscam
3005 3541 3419 3640 Zooloyicum
3466 3543 3764 3639 quotidie
3790 3540 4082 3637 patebit.
