<?xml version="1.0" encoding="UTF-8"?>
<!DOCTYPE html PUBLIC "-//W3C//DTD XHTML 1.0 Transitional//EN"
    "http://www.w3.org/TR/xhtml1/DTD/xhtml1-transitional.dtd">
<html xmlns="http://www.w3.org/1999/xhtml" xml:lang="en" lang="en">
 <head>
  <title>
</title>
<meta http-equiv="Content-Type" content="text/html;charset=utf-8" />
  <meta name='ocr-system' content='tesseract 3.04.00' />
  <meta name='ocr-capabilities' content='ocr_page ocr_carea ocr_par ocr_line ocrx_word'/>
</head>
<body>
  <div class='ocr_page' id='page_1' title='image "annalesacademic24unkngoog_0239.png"; bbox 0 0 4967 6217; ppageno 0'>
   <div class='ocr_carea' id='block_1_1' title="bbox 1453 718 3537 791">
    <p class='ocr_par' dir='ltr' id='par_1_1' title="bbox 1453 718 3537 791">
     <span class='ocr_line' id='line_1_1' title="bbox 1453 718 3537 791; baseline 0.001 -5"><span class='ocrx_word' id='word_1_1' title='bbox 1453 718 1796 789; x_wconf 65' lang='grc' dir='ltr'><strong>ἱ01ἱ1)0</strong></span> <span class='ocrx_word' id='word_1_2' title='bbox 1882 718 2541 791; x_wconf 71' lang='lat' dir='ltr'><strong>Lssc&#39;rlolwm.</strong></span> <span class='ocrx_word' id='word_1_3' title='bbox 3409 722 3537 789; x_wconf 80' lang='lat'><strong>229</strong></span> 
     </span>
    </p>
   </div>
   <div class='ocr_carea' id='block_1_2' title="bbox 511 898 3545 1743">
    <p class='ocr_par' dir='ltr' id='par_1_2' title="bbox 511 898 3545 1743">
     <span class='ocr_line' id='line_1_2' title="bbox 612 898 3545 1030; baseline -0 -25"><span class='ocrx_word' id='word_1_4' title='bbox 612 932 682 1005; x_wconf 87' lang='lat' dir='ltr'><strong>J.</strong></span> <span class='ocrx_word' id='word_1_5' title='bbox 745 934 1118 1008; x_wconf 75' lang='lat' dir='ltr'><strong>Durma</strong></span> <span class='ocrx_word' id='word_1_6' title='bbox 1177 948 1326 1007; x_wconf 68' lang='lat' dir='ltr'><strong>vau</strong></span> <span class='ocrx_word' id='word_1_7' title='bbox 1388 926 1629 1005; x_wconf 73' lang='lat' dir='ltr'><strong>Twrsr</strong></span> <span class='ocrx_word' id='word_1_8' title='bbox 1707 898 2187 1006; x_wconf 74' lang='lat' dir='ltr'><strong>Institutiones</strong></span> <span class='ocrx_word' id='word_1_9' title='bbox 2257 930 2304 1004; x_wconf 86' lang='lat' dir='ltr'><strong>J</strong></span> <span class='ocrx_word' id='word_1_10' title='bbox 2307 928 2729 1005; x_wconf 88' lang='lat' dir='ltr'><strong>ustinianeas</strong></span> <span class='ocrx_word' id='word_1_11' title='bbox 2802 929 3175 1030; x_wconf 79' lang='lat' dir='ltr'><strong>explicabit</strong></span> <span class='ocrx_word' id='word_1_12' title='bbox 3194 986 3218 1021; x_wconf 87' lang='lat'><em>,</em></span> <span class='ocrx_word' id='word_1_13' title='bbox 3294 928 3545 1005; x_wconf 89' lang='lat' dir='ltr'><strong>diebus</strong></span> 
     </span>
     <span class='ocr_line' id='line_1_3' title="bbox 514 1044 3540 1154; baseline 0 -30"><span class='ocrx_word' id='word_1_14' title='bbox 514 1050 756 1124; x_wconf 90' lang='lat' dir='ltr'><strong>Lunae</strong></span> <span class='ocrx_word' id='word_1_15' title='bbox 777 1106 799 1137; x_wconf 87' lang='lat'>,</span> <span class='ocrx_word' id='word_1_16' title='bbox 869 1045 1123 1123; x_wconf 89' lang='lat' dir='ltr'><strong>Martis</strong></span> <span class='ocrx_word' id='word_1_17' title='bbox 1141 1103 1164 1135; x_wconf 90' lang='lat'>‚</span> <span class='ocrx_word' id='word_1_18' title='bbox 1232 1044 1596 1135; x_wconf 83' lang='lat' dir='ltr'>Mercurii,</span> <span class='ocrx_word' id='word_1_19' title='bbox 1662 1046 1857 1154; x_wconf 86' lang='lat' dir='ltr'><strong>Jovis</strong></span> <span class='ocrx_word' id='word_1_20' title='bbox 1919 1054 1992 1123; x_wconf 94' lang='lat' dir='ltr'><strong>et</strong></span> <span class='ocrx_word' id='word_1_21' title='bbox 2045 1046 2334 1123; x_wconf 89' lang='lat' dir='ltr'><strong>Veneris</strong></span> <span class='ocrx_word' id='word_1_22' title='bbox 2352 1106 2373 1137; x_wconf 91' lang='lat'>‚</span> <span class='ocrx_word' id='word_1_23' title='bbox 2441 1048 2610 1124; x_wconf 67' lang='lat' dir='ltr'><strong>hora</strong></span> <span class='ocrx_word' id='word_1_24' title='bbox 2664 1048 2797 1126; x_wconf 91' lang='lat' dir='ltr'><strong>IX.</strong></span> <span class='ocrx_word' id='word_1_25' title='bbox 2896 1048 3281 1125; x_wconf 79' lang='lat' dir='ltr'><strong>Historiam</strong></span> <span class='ocrx_word' id='word_1_26' title='bbox 3347 1050 3395 1123; x_wconf 86' lang='lat' dir='ltr'><strong>J</strong></span> <span class='ocrx_word' id='word_1_27' title='bbox 3398 1048 3540 1125; x_wconf 87' lang='lat' dir='ltr'><strong>uris</strong></span> 
     </span>
     <span class='ocr_line' id='line_1_4' title="bbox 513 1163 3541 1268; baseline 0 -25"><span class='ocrx_word' id='word_1_28' title='bbox 513 1167 816 1243; x_wconf 89' lang='lat' dir='ltr'><strong>Romani</strong></span> <span class='ocrx_word' id='word_1_29' title='bbox 853 1166 1082 1242; x_wconf 87' lang='lat' dir='ltr'><strong>tradet</strong></span> <span class='ocrx_word' id='word_1_30' title='bbox 1134 1163 1382 1241; x_wconf 88' lang='lat' dir='ltr'><strong>diebus</strong></span> <span class='ocrx_word' id='word_1_31' title='bbox 1431 1166 1672 1243; x_wconf 88' lang='lat' dir='ltr'><strong>Lunae</strong></span> <span class='ocrx_word' id='word_1_32' title='bbox 1689 1225 1710 1257; x_wconf 87' lang='lat'>‚</span> <span class='ocrx_word' id='word_1_33' title='bbox 1759 1165 2011 1243; x_wconf 87' lang='lat' dir='ltr'><strong>Martis</strong></span> <span class='ocrx_word' id='word_1_34' title='bbox 2026 1224 2047 1256; x_wconf 91' lang='lat'>‚</span> <span class='ocrx_word' id='word_1_35' title='bbox 2095 1167 2142 1241; x_wconf 86' lang='lat' dir='ltr'><strong>J</strong></span> <span class='ocrx_word' id='word_1_36' title='bbox 2143 1167 2289 1243; x_wconf 88' lang='lat' dir='ltr'><strong>ovis</strong></span> <span class='ocrx_word' id='word_1_37' title='bbox 2339 1174 2413 1242; x_wconf 91' lang='lat' dir='ltr'><strong>et</strong></span> <span class='ocrx_word' id='word_1_38' title='bbox 2457 1166 2747 1245; x_wconf 88' lang='lat' dir='ltr'><strong>Veneris</strong></span> <span class='ocrx_word' id='word_1_39' title='bbox 2765 1228 2785 1259; x_wconf 91' lang='lat'>,</span> <span class='ocrx_word' id='word_1_40' title='bbox 2833 1169 3002 1245; x_wconf 64' lang='lat' dir='ltr'><strong>hora</strong></span> <span class='ocrx_word' id='word_1_41' title='bbox 3043 1169 3217 1245; x_wconf 89' lang='lat' dir='ltr'><strong>XII.</strong></span> <span class='ocrx_word' id='word_1_42' title='bbox 3315 1169 3541 1268; x_wconf 84' lang='lat' dir='ltr'><strong>Ency-</strong></span> 
     </span>
     <span class='ocr_line' id='line_1_5' title="bbox 515 1284 3542 1389; baseline -0.001 -26"><span class='ocrx_word' id='word_1_43' title='bbox 515 1286 944 1389; x_wconf 87' lang='lat' dir='ltr'><strong>clopaediam</strong></span> <span class='ocrx_word' id='word_1_44' title='bbox 1003 1284 1181 1385; x_wconf 85' lang='lat' dir='ltr'><strong>juris</strong></span> <span class='ocrx_word' id='word_1_45' title='bbox 1242 1285 1520 1360; x_wconf 82' lang='lat' dir='ltr'><strong>docebit</strong></span> <span class='ocrx_word' id='word_1_46' title='bbox 1537 1343 1558 1375; x_wconf 91' lang='lat'>‚</span> <span class='ocrx_word' id='word_1_47' title='bbox 1618 1286 1866 1361; x_wconf 87' lang='lat' dir='ltr'><strong>diebus</strong></span> <span class='ocrx_word' id='word_1_48' title='bbox 1900 1288 2142 1363; x_wconf 89' lang='lat' dir='ltr'><strong>Lunae</strong></span> <span class='ocrx_word' id='word_1_49' title='bbox 2164 1345 2185 1377; x_wconf 91' lang='lat'>‚</span> <span class='ocrx_word' id='word_1_50' title='bbox 2231 1287 2482 1363; x_wconf 88' lang='lat' dir='ltr'><strong>Martis</strong></span> <span class='ocrx_word' id='word_1_51' title='bbox 2526 1296 2599 1363; x_wconf 92' lang='lat' dir='ltr'><strong>et</strong></span> <span class='ocrx_word' id='word_1_52' title='bbox 2638 1290 2686 1363; x_wconf 86' lang='lat' dir='ltr'><strong>J</strong></span> <span class='ocrx_word' id='word_1_53' title='bbox 2686 1290 2863 1379; x_wconf 86' lang='lat' dir='ltr'><strong>ovis,</strong></span> <span class='ocrx_word' id='word_1_54' title='bbox 2911 1288 3080 1364; x_wconf 67' lang='lat' dir='ltr'><strong>hora</strong></span> <span class='ocrx_word' id='word_1_55' title='bbox 3121 1288 3254 1363; x_wconf 91' lang='lat' dir='ltr'><strong>XI.</strong></span> <span class='ocrx_word' id='word_1_56' title='bbox 3355 1290 3542 1363; x_wconf 69' lang='lat' dir='ltr'><strong>Gan</strong></span> 
     </span>
     <span class='ocr_line' id='line_1_6' title="bbox 515 1404 3536 1506; baseline 0 -25"><span class='ocrx_word' id='word_1_57' title='bbox 515 1405 1054 1481; x_wconf 86' lang='lat' dir='ltr'><strong>Institutionum</strong></span> <span class='ocrx_word' id='word_1_58' title='bbox 1115 1404 1664 1481; x_wconf 80' lang='lat' dir='ltr'><strong>Commentarios</strong></span> <span class='ocrx_word' id='word_1_59' title='bbox 1719 1413 2016 1506; x_wconf 85' lang='lat' dir='ltr'><strong>exponet</strong></span> <span class='ocrx_word' id='word_1_60' title='bbox 2036 1463 2057 1494; x_wconf 89' lang='lat'><strong>,</strong></span> <span class='ocrx_word' id='word_1_61' title='bbox 2121 1406 2370 1481; x_wconf 90' lang='lat' dir='ltr'><strong>diebus</strong></span> <span class='ocrx_word' id='word_1_62' title='bbox 2412 1407 2655 1484; x_wconf 90' lang='lat' dir='ltr'><strong>Lunae</strong></span> <span class='ocrx_word' id='word_1_63' title='bbox 2696 1416 2769 1483; x_wconf 90' lang='lat' dir='ltr'><strong>et</strong></span> <span class='ocrx_word' id='word_1_64' title='bbox 2818 1409 3147 1484; x_wconf 84' lang='lat' dir='ltr'><strong>Mercurii</strong></span> <span class='ocrx_word' id='word_1_65' title='bbox 3160 1466 3184 1497; x_wconf 85' lang='lat'>,</span> <span class='ocrx_word' id='word_1_66' title='bbox 3228 1408 3397 1483; x_wconf 65' lang='lat' dir='ltr'><strong>hora</strong></span> <span class='ocrx_word' id='word_1_67' title='bbox 3444 1406 3536 1481; x_wconf 92' lang='lat' dir='ltr'><strong>X.</strong></span> 
     </span>
     <span class='ocr_line' id='line_1_7' title="bbox 511 1523 3539 1629; baseline 0 -30"><span class='ocrx_word' id='word_1_68' title='bbox 511 1526 649 1615; x_wconf 88' lang='lat' dir='ltr'><strong>Iis,</strong></span> <span class='ocrx_word' id='word_1_69' title='bbox 719 1525 844 1624; x_wconf 90' lang='lat' dir='ltr'><strong>qui</strong></span> <span class='ocrx_word' id='word_1_70' title='bbox 901 1524 1197 1600; x_wconf 88' lang='lat' dir='ltr'><strong>aliarum</strong></span> <span class='ocrx_word' id='word_1_71' title='bbox 1263 1523 1440 1623; x_wconf 76' lang='lat' dir='ltr'><strong>juris</strong></span> <span class='ocrx_word' id='word_1_72' title='bbox 1505 1524 1854 1601; x_wconf 90' lang='lat' dir='ltr'><strong>doctrinae</strong></span> <span class='ocrx_word' id='word_1_73' title='bbox 1915 1526 2218 1625; x_wconf 89' lang='lat' dir='ltr'><strong>partium</strong></span> <span class='ocrx_word' id='word_1_74' title='bbox 2281 1525 2515 1601; x_wconf 87' lang='lat' dir='ltr'><strong>studio</strong></span> <span class='ocrx_word' id='word_1_75' title='bbox 2568 1551 2851 1629; x_wconf 78' lang='lat' dir='ltr'><strong>operam</strong></span> <span class='ocrx_word' id='word_1_76' title='bbox 2894 1526 3056 1603; x_wconf 86' lang='lat' dir='ltr'><strong>dare</strong></span> <span class='ocrx_word' id='word_1_77' title='bbox 3099 1525 3345 1615; x_wconf 87' lang='lat' dir='ltr'><strong>velint,</strong></span> <span class='ocrx_word' id='word_1_78' title='bbox 3395 1526 3539 1601; x_wconf 85' lang='lat' dir='ltr'><strong>dux</strong></span> 
     </span>
     <span class='ocr_line' id='line_1_8' title="bbox 517 1634 2563 1743; baseline 0.001 -26"><span class='ocrx_word' id='word_1_79' title='bbox 517 1643 647 1718; x_wconf 86' lang='lat' dir='ltr'><strong>erit</strong></span> <span class='ocrx_word' id='word_1_80' title='bbox 661 1702 682 1732; x_wconf 87' lang='lat'>,</span> <span class='ocrx_word' id='word_1_81' title='bbox 728 1652 1044 1743; x_wconf 89' lang='lat' dir='ltr'><strong>tempore</strong></span> <span class='ocrx_word' id='word_1_82' title='bbox 1089 1648 1330 1741; x_wconf 89' lang='lat' dir='ltr'><strong>postea</strong></span> <span class='ocrx_word' id='word_1_83' title='bbox 1374 1666 1536 1719; x_wconf 91' lang='lat' dir='ltr'><strong>cum</strong></span> <span class='ocrx_word' id='word_1_84' title='bbox 1557 1634 1562 1641; x_wconf 71' lang='grc'><strong>’</strong></span> <span class='ocrx_word' id='word_1_85' title='bbox 1581 1641 2016 1719; x_wconf 80' lang='lat' dir='ltr'><strong>auditoribus</strong></span> <span class='ocrx_word' id='word_1_86' title='bbox 2059 1642 2563 1721; x_wconf 89' lang='lat' dir='ltr'><strong>constituendo.</strong></span> 
     </span>
    </p>
   </div>
   <div class='ocr_carea' id='block_1_3' title="bbox 511 1881 3549 2695">
    <p class='ocr_par' dir='ltr' id='par_1_3' title="bbox 511 1881 3549 2695">
     <span class='ocr_line' id='line_1_9' title="bbox 613 1881 3543 1983; baseline 0 -27"><span class='ocrx_word' id='word_1_87' title='bbox 613 1885 702 1957; x_wconf 85' lang='lat' dir='ltr'><strong>G.</strong></span> <span class='ocrx_word' id='word_1_88' title='bbox 751 1883 822 1959; x_wconf 86' lang='lat' dir='ltr'><strong>J.</strong></span> <span class='ocrx_word' id='word_1_89' title='bbox 865 1882 957 1957; x_wconf 91' lang='lat' dir='ltr'><strong>A.</strong></span> <span class='ocrx_word' id='word_1_90' title='bbox 998 1883 1045 1957; x_wconf 86' lang='lat' dir='ltr'><strong>J</strong></span> <span class='ocrx_word' id='word_1_91' title='bbox 1047 1905 1478 1957; x_wconf 74' lang='lat' dir='ltr'><strong>oucxamnr</strong></span> <span class='ocrx_word' id='word_1_92' title='bbox 1539 1882 1924 1958; x_wconf 79' lang='lat' dir='ltr'><strong>Historiam</strong></span> <span class='ocrx_word' id='word_1_93' title='bbox 1977 1882 2240 1983; x_wconf 78' lang='lat' dir='ltr'><strong>patriae</strong></span> <span class='ocrx_word' id='word_1_94' title='bbox 2313 1881 2660 1958; x_wconf 85' lang='lat' dir='ltr'><strong>enarrabit</strong></span> <span class='ocrx_word' id='word_1_95' title='bbox 2710 1881 2959 1957; x_wconf 88' lang='lat' dir='ltr'><strong>diebus</strong></span> <span class='ocrx_word' id='word_1_96' title='bbox 3008 1884 3259 1958; x_wconf 88' lang='lat' dir='ltr'><strong>Martis</strong></span> <span class='ocrx_word' id='word_1_97' title='bbox 3273 1941 3294 1973; x_wconf 90' lang='lat'>‚</span> <span class='ocrx_word' id='word_1_98' title='bbox 3354 1883 3543 1957; x_wconf 89' lang='lat' dir='ltr'><strong>Mer-</strong></span> 
     </span>
     <span class='ocr_line' id='line_1_10' title="bbox 511 2000 3547 2107; baseline -0.001 -30"><span class='ocrx_word' id='word_1_99' title='bbox 511 2001 686 2077; x_wconf 82' lang='lat' dir='ltr'><strong>curii</strong></span> <span class='ocrx_word' id='word_1_100' title='bbox 701 2059 724 2091; x_wconf 87' lang='lat'><em>,</em></span> <span class='ocrx_word' id='word_1_101' title='bbox 770 2002 817 2076; x_wconf 86' lang='lat' dir='ltr'><strong>J</strong></span> <span class='ocrx_word' id='word_1_102' title='bbox 817 2002 965 2077; x_wconf 88' lang='lat' dir='ltr'><strong>ovis</strong></span> <span class='ocrx_word' id='word_1_103' title='bbox 1009 2010 1080 2077; x_wconf 92' lang='lat' dir='ltr'><strong>et</strong></span> <span class='ocrx_word' id='word_1_104' title='bbox 1117 2001 1408 2107; x_wconf 84' lang='lat' dir='ltr'><strong>Veneris</strong></span> <span class='ocrx_word' id='word_1_105' title='bbox 1426 2058 1448 2091; x_wconf 83' lang='lat'>‚</span> <span class='ocrx_word' id='word_1_106' title='bbox 1495 2002 1665 2078; x_wconf 69' lang='lat' dir='ltr'><strong>hora</strong></span> <span class='ocrx_word' id='word_1_107' title='bbox 1701 2002 1836 2079; x_wconf 92' lang='lat' dir='ltr'><strong>IX.</strong></span> <span class='ocrx_word' id='word_1_108' title='bbox 1933 2004 2230 2079; x_wconf 86' lang='lat' dir='ltr'><strong>Poeseos</strong></span> <span class='ocrx_word' id='word_1_109' title='bbox 2261 2001 2571 2102; x_wconf 85' lang='lat' dir='ltr'><strong>belgicae</strong></span> <span class='ocrx_word' id='word_1_110' title='bbox 2607 2001 2965 2077; x_wconf 85' lang='lat' dir='ltr'><strong>historiam</strong></span> <span class='ocrx_word' id='word_1_111' title='bbox 2999 2000 3268 2077; x_wconf 87' lang='lat' dir='ltr'><strong>tradere</strong></span> <span class='ocrx_word' id='word_1_112' title='bbox 3304 2010 3547 2101; x_wconf 85' lang='lat' dir='ltr'><strong>perget</strong></span> 
     </span>
     <span class='ocr_line' id='line_1_11' title="bbox 513 2119 3545 2210; baseline 0 -15"><span class='ocrx_word' id='word_1_113' title='bbox 513 2122 764 2196; x_wconf 89' lang='lat' dir='ltr'><strong>diebus</strong></span> <span class='ocrx_word' id='word_1_114' title='bbox 827 2121 1112 2209; x_wconf 86' lang='lat' dir='ltr'><strong>Martis,</strong></span> <span class='ocrx_word' id='word_1_115' title='bbox 1181 2121 1512 2196; x_wconf 89' lang='lat' dir='ltr'><strong>Mercurii</strong></span> <span class='ocrx_word' id='word_1_116' title='bbox 1532 2179 1552 2210; x_wconf 93' lang='lat'>‚</span> <span class='ocrx_word' id='word_1_117' title='bbox 1619 2122 1667 2195; x_wconf 87' lang='lat' dir='ltr'>J</span> <span class='ocrx_word' id='word_1_118' title='bbox 1667 2122 1814 2197; x_wconf 85' lang='lat' dir='ltr'><strong>ovis</strong></span> <span class='ocrx_word' id='word_1_119' title='bbox 1885 2130 1958 2199; x_wconf 91' lang='lat' dir='ltr'><strong>et</strong></span> <span class='ocrx_word' id='word_1_120' title='bbox 2021 2121 2312 2197; x_wconf 87' lang='lat' dir='ltr'><strong>Veneris</strong></span> <span class='ocrx_word' id='word_1_121' title='bbox 2330 2179 2350 2210; x_wconf 93' lang='lat'>‚</span> <span class='ocrx_word' id='word_1_122' title='bbox 2421 2122 2594 2196; x_wconf 68' lang='lat' dir='ltr'><strong>hora</strong></span> <span class='ocrx_word' id='word_1_123' title='bbox 2635 2120 2811 2195; x_wconf 86' lang='lat' dir='ltr'><strong>XII.</strong></span> <span class='ocrx_word' id='word_1_124' title='bbox 2924 2119 3223 2195; x_wconf 82' lang='lat' dir='ltr'><strong>Litteras</strong></span> <span class='ocrx_word' id='word_1_125' title='bbox 3284 2120 3545 2195; x_wconf 91' lang='lat' dir='ltr'><strong>medio-</strong></span> 
     </span>
     <span class='ocr_line' id='line_1_12' title="bbox 514 2239 3547 2339; baseline -0 -25"><span class='ocrx_word' id='word_1_126' title='bbox 514 2239 814 2339; x_wconf 81' lang='lat' dir='ltr'><strong>belgicas</strong></span> <span class='ocrx_word' id='word_1_127' title='bbox 889 2240 1164 2315; x_wconf 88' lang='lat' dir='ltr'><strong>docebit</strong></span> <span class='ocrx_word' id='word_1_128' title='bbox 1230 2239 1479 2314; x_wconf 89' lang='lat' dir='ltr'><strong>diebus</strong></span> <span class='ocrx_word' id='word_1_129' title='bbox 1543 2242 1794 2317; x_wconf 91' lang='lat' dir='ltr'><strong>Martis</strong></span> <span class='ocrx_word' id='word_1_130' title='bbox 1846 2250 1919 2316; x_wconf 93' lang='lat' dir='ltr'><strong>et</strong></span> <span class='ocrx_word' id='word_1_131' title='bbox 1968 2241 2016 2314; x_wconf 87' lang='lat' dir='ltr'>J</span> <span class='ocrx_word' id='word_1_132' title='bbox 2017 2242 2160 2317; x_wconf 89' lang='lat' dir='ltr'><strong>ovis</strong></span> <span class='ocrx_word' id='word_1_133' title='bbox 2177 2300 2198 2330; x_wconf 94' lang='lat'>,</span> <span class='ocrx_word' id='word_1_134' title='bbox 2268 2240 2436 2315; x_wconf 64' lang='lat' dir='ltr'><strong>hora</strong></span> <span class='ocrx_word' id='word_1_135' title='bbox 2481 2240 2575 2314; x_wconf 90' lang='lat' dir='ltr'><strong>X.</strong></span> <span class='ocrx_word' id='word_1_136' title='bbox 2675 2240 3037 2314; x_wconf 85' lang='lat' dir='ltr'><strong>Elementa</strong></span> <span class='ocrx_word' id='word_1_137' title='bbox 3080 2239 3357 2339; x_wconf 87' lang='lat' dir='ltr'><strong>linguae</strong></span> <span class='ocrx_word' id='word_1_138' title='bbox 3407 2241 3547 2314; x_wconf 88' lang='lat' dir='ltr'><strong>Go-</strong></span> 
     </span>
     <span class='ocr_line' id='line_1_13' title="bbox 514 2358 3547 2460; baseline -0.001 -27"><span class='ocrx_word' id='word_1_139' title='bbox 514 2360 736 2435; x_wconf 88' lang='lat' dir='ltr'><strong>thicae</strong></span> <span class='ocrx_word' id='word_1_140' title='bbox 805 2360 1128 2435; x_wconf 86' lang='lat' dir='ltr'><strong>tractabit</strong></span> <span class='ocrx_word' id='word_1_141' title='bbox 1193 2360 1285 2434; x_wconf 89' lang='lat' dir='ltr'><strong>ad</strong></span> <span class='ocrx_word' id='word_1_142' title='bbox 1360 2361 1653 2435; x_wconf 89' lang='lat' dir='ltr'><strong>ductum</strong></span> <span class='ocrx_word' id='word_1_143' title='bbox 1723 2358 2116 2460; x_wconf 89' lang='lat' dir='ltr'><strong>compendii</strong></span> <span class='ocrx_word' id='word_1_144' title='bbox 2186 2358 2315 2433; x_wconf 83' lang='lat' dir='ltr'><strong>cn.</strong></span> <span class='ocrx_word' id='word_1_145' title='bbox 2382 2384 2450 2431; x_wconf 86' lang='lat' dir='ltr'><strong>v.</strong></span> <span class='ocrx_word' id='word_1_146' title='bbox 2515 2382 2588 2432; x_wconf 84' lang='lat' dir='ltr'><strong>n.</strong></span> <span class='ocrx_word' id='word_1_147' title='bbox 2639 2359 3079 2433; x_wconf 61' lang='lat' dir='ltr'><strong>Gummi-urz</strong></span> <span class='ocrx_word' id='word_1_148' title='bbox 3136 2365 3207 2433; x_wconf 90' lang='lat' dir='ltr'><strong>et</strong></span> <span class='ocrx_word' id='word_1_149' title='bbox 3252 2358 3502 2433; x_wconf 66' lang='lat' dir='ltr'><strong>Louna</strong></span> <span class='ocrx_word' id='word_1_150' title='bbox 3529 2416 3547 2445; x_wconf 92' lang='lat'>‚</span> 
     </span>
     <span class='ocr_line' id='line_1_14' title="bbox 516 2476 3549 2577; baseline -0 -26"><span class='ocrx_word' id='word_1_151' title='bbox 516 2478 764 2553; x_wconf 89' lang='lat' dir='ltr'><strong>diebus</strong></span> <span class='ocrx_word' id='word_1_152' title='bbox 829 2486 901 2553; x_wconf 89' lang='lat' dir='ltr'><strong>et</strong></span> <span class='ocrx_word' id='word_1_153' title='bbox 964 2478 1149 2553; x_wconf 88' lang='lat' dir='ltr'><strong>horis</strong></span> <span class='ocrx_word' id='word_1_154' title='bbox 1215 2504 1378 2553; x_wconf 90' lang='lat' dir='ltr'><strong>cum</strong></span> <span class='ocrx_word' id='word_1_155' title='bbox 1451 2478 1887 2554; x_wconf 85' lang='lat' dir='ltr'><strong>auditoribus</strong></span> <span class='ocrx_word' id='word_1_156' title='bbox 1945 2477 2467 2554; x_wconf 60' lang='lat' dir='ltr'><strong>constituendis</strong></span> <span class='ocrx_word' id='word_1_157' title='bbox 2566 2477 3043 2576; x_wconf 87' lang='lat' dir='ltr'><strong>Antiquitates</strong></span> <span class='ocrx_word' id='word_1_158' title='bbox 3082 2476 3387 2577; x_wconf 85' lang='lat' dir='ltr'><strong>belgicas</strong></span> <span class='ocrx_word' id='word_1_159' title='bbox 3434 2502 3549 2551; x_wconf 84' lang='lat' dir='ltr'><strong>ex-</strong></span> 
     </span>
     <span class='ocr_line' id='line_1_15' title="bbox 519 2593 3549 2695; baseline -0.001 -24"><span class='ocrx_word' id='word_1_160' title='bbox 519 2596 804 2695; x_wconf 88' lang='lat' dir='ltr'><strong>plicabit</strong></span> <span class='ocrx_word' id='word_1_161' title='bbox 840 2597 1088 2671; x_wconf 89' lang='lat' dir='ltr'><strong>diebus</strong></span> <span class='ocrx_word' id='word_1_162' title='bbox 1127 2596 1457 2671; x_wconf 90' lang='lat' dir='ltr'><strong>Mercurii</strong></span> <span class='ocrx_word' id='word_1_163' title='bbox 1494 2602 1566 2670; x_wconf 90' lang='lat' dir='ltr'><strong>et</strong></span> <span class='ocrx_word' id='word_1_164' title='bbox 1599 2595 1888 2669; x_wconf 90' lang='lat' dir='ltr'><strong>Veneris</strong></span> <span class='ocrx_word' id='word_1_165' title='bbox 1903 2654 1924 2685; x_wconf 87' lang='lat'>‚</span> <span class='ocrx_word' id='word_1_166' title='bbox 1971 2594 2141 2670; x_wconf 66' lang='lat' dir='ltr'><strong>hora</strong></span> <span class='ocrx_word' id='word_1_167' title='bbox 2178 2593 2271 2669; x_wconf 91' lang='lat' dir='ltr'><strong>X.</strong></span> <span class='ocrx_word' id='word_1_168' title='bbox 2372 2593 2829 2693; x_wconf 85' lang='lat' dir='ltr'><strong>Eloquentiae</strong></span> <span class='ocrx_word' id='word_1_169' title='bbox 2864 2620 3045 2693; x_wconf 90' lang='lat' dir='ltr'><strong>quae</strong></span> <span class='ocrx_word' id='word_1_170' title='bbox 3082 2594 3335 2670; x_wconf 89' lang='lat' dir='ltr'><strong>dicitur</strong></span> <span class='ocrx_word' id='word_1_171' title='bbox 3362 2600 3549 2669; x_wconf 84' lang='lat' dir='ltr'><strong>exte-</strong></span> 
     </span>
    </p>
   </div>
   <div class='ocr_carea' id='block_1_4' title="bbox 514 2712 3703 2813">
    <p class='ocr_par' dir='ltr' id='par_1_4' title="bbox 514 2712 3703 2813">
     <span class='ocr_line' id='line_1_16' title="bbox 514 2712 3703 2813; baseline -0.001 -24"><span class='ocrx_word' id='word_1_172' title='bbox 514 2716 708 2790; x_wconf 86' lang='lat' dir='ltr'><strong>rioris</strong></span> <span class='ocrx_word' id='word_1_173' title='bbox 751 2714 1092 2791; x_wconf 84' lang='lat' dir='ltr'><strong>exercitiis</strong></span> <span class='ocrx_word' id='word_1_174' title='bbox 1138 2722 1208 2788; x_wconf 90' lang='lat' dir='ltr'><strong>et</strong></span> <span class='ocrx_word' id='word_1_175' title='bbox 1250 2712 1839 2813; x_wconf 88' lang='lat' dir='ltr'><strong>disputationibus</strong></span> <span class='ocrx_word' id='word_1_176' title='bbox 1874 2713 2282 2790; x_wconf 77' lang='lat' dir='ltr'><strong>academicis·</strong></span> <span class='ocrx_word' id='word_1_177' title='bbox 2314 2713 2611 2812; x_wconf 67' lang='lat' dir='ltr'><strong>praeerit</strong></span> <span class='ocrx_word' id='word_1_178' title='bbox 2654 2712 2902 2788; x_wconf 87' lang='lat' dir='ltr'><strong>diebus</strong></span> <span class='ocrx_word' id='word_1_179' title='bbox 2938 2713 3100 2789; x_wconf 89' lang='lat' dir='ltr'><strong>dein</strong></span> <span class='ocrx_word' id='word_1_180' title='bbox 3142 2712 3549 2790; x_wconf 86' lang='lat' dir='ltr'><strong>indicandis.</strong></span> <span class='ocrx_word' id='word_1_181' title='bbox 3694 2802 3703 2811; x_wconf 89' lang='lat'><strong>.</strong></span> 
     </span>
    </p>
   </div>
   <div class='ocr_carea' id='block_1_5' title="bbox 615 2831 3281 2932">
    <p class='ocr_par' dir='ltr' id='par_1_5' title="bbox 615 2831 3281 2932">
     <span class='ocr_line' id='line_1_17' title="bbox 615 2831 3281 2932; baseline 0 -23"><span class='ocrx_word' id='word_1_182' title='bbox 615 2835 941 2911; x_wconf 71' lang='lat' dir='ltr'><strong>Publicae</strong></span> <span class='ocrx_word' id='word_1_183' title='bbox 987 2831 1274 2909; x_wconf 87' lang='lat' dir='ltr'><strong>habebit</strong></span> <span class='ocrx_word' id='word_1_184' title='bbox 1320 2834 1635 2909; x_wconf 71' lang='lat' dir='ltr'><strong>lectiones</strong></span> <span class='ocrx_word' id='word_1_185' title='bbox 1679 2833 2396 2909; x_wconf 72' lang='lat' dir='ltr'><strong>historico-litterariae</strong></span> <span class='ocrx_word' id='word_1_186' title='bbox 2443 2831 2559 2907; x_wconf 91' lang='lat' dir='ltr'><strong>die</strong></span> <span class='ocrx_word' id='word_1_187' title='bbox 2604 2840 2845 2932; x_wconf 89' lang='lat' dir='ltr'><strong>postea</strong></span> <span class='ocrx_word' id='word_1_188' title='bbox 2888 2832 3281 2909; x_wconf 89' lang='lat' dir='ltr'><strong>indicanda.</strong></span> 
     </span>
    </p>
   </div>
   <div class='ocr_carea' id='block_1_6' title="bbox 515 3069 3571 4007">
    <p class='ocr_par' dir='ltr' id='par_1_6' title="bbox 515 3069 3571 4007">
     <span class='ocr_line' id='line_1_18' title="bbox 616 3069 3553 3171; baseline 0 -27"><span class='ocrx_word' id='word_1_189' title='bbox 616 3074 703 3148; x_wconf 90' lang='lat' dir='ltr'><strong>V.</strong></span> <span class='ocrx_word' id='word_1_190' title='bbox 756 3074 829 3150; x_wconf 91' lang='lat' dir='ltr'><strong>S.</strong></span> <span class='ocrx_word' id='word_1_191' title='bbox 877 3074 985 3149; x_wconf 93' lang='lat' dir='ltr'><strong>M.</strong></span> <span class='ocrx_word' id='word_1_192' title='bbox 1037 3096 1185 3147; x_wconf 69' lang='lat' dir='ltr'><strong>vau</strong></span> <span class='ocrx_word' id='word_1_193' title='bbox 1239 3097 1387 3147; x_wconf 72' lang='lat' dir='ltr'><strong>nna</strong></span> <span class='ocrx_word' id='word_1_194' title='bbox 1436 3072 1834 3147; x_wconf 56' lang='lat' dir='ltr'><strong>wunsam</strong></span> <span class='ocrx_word' id='word_1_195' title='bbox 1896 3074 2259 3148; x_wconf 87' lang='lat' dir='ltr'><strong>Elementa</strong></span> <span class='ocrx_word' id='word_1_196' title='bbox 2323 3069 2759 3149; x_wconf 86' lang='lat' dir='ltr'><strong>Geometriae</strong></span> <span class='ocrx_word' id='word_1_197' title='bbox 2824 3072 3195 3171; x_wconf 86' lang='lat' dir='ltr'><strong>explicabit</strong></span> <span class='ocrx_word' id='word_1_198' title='bbox 3210 3128 3232 3161; x_wconf 83' lang='lat'>‚</span> <span class='ocrx_word' id='word_1_199' title='bbox 3307 3071 3553 3147; x_wconf 90' lang='lat' dir='ltr'><strong>diebus</strong></span> 
     </span>
     <span class='ocr_line' id='line_1_19' title="bbox 515 3190 3551 3282; baseline -0.001 -13"><span class='ocrx_word' id='word_1_200' title='bbox 515 3192 768 3269; x_wconf 80' lang='lat' dir='ltr'><strong>Martis</strong></span> <span class='ocrx_word' id='word_1_201' title='bbox 791 3250 816 3282; x_wconf 88' lang='lat'>‚</span> <span class='ocrx_word' id='word_1_202' title='bbox 862 3192 1196 3267; x_wconf 90' lang='lat' dir='ltr'><strong>Mercurii</strong></span> <span class='ocrx_word' id='word_1_203' title='bbox 1239 3199 1312 3266; x_wconf 91' lang='lat' dir='ltr'><strong>et</strong></span> <span class='ocrx_word' id='word_1_204' title='bbox 1352 3191 1400 3264; x_wconf 87' lang='lat' dir='ltr'>J</span> <span class='ocrx_word' id='word_1_205' title='bbox 1400 3192 1546 3266; x_wconf 89' lang='lat' dir='ltr'><strong>ovis</strong></span> <span class='ocrx_word' id='word_1_206' title='bbox 1567 3248 1588 3280; x_wconf 90' lang='lat'>‚</span> <span class='ocrx_word' id='word_1_207' title='bbox 1637 3190 1805 3266; x_wconf 66' lang='lat' dir='ltr'><strong>hora</strong></span> <span class='ocrx_word' id='word_1_208' title='bbox 1837 3190 2183 3265; x_wconf 68' lang='lat' dir='ltr'><strong>matutina</strong></span> <span class='ocrx_word' id='word_1_209' title='bbox 2221 3190 2426 3265; x_wconf 91' lang='lat' dir='ltr'><strong>VIII.</strong></span> <span class='ocrx_word' id='word_1_210' title='bbox 2526 3190 3055 3265; x_wconf 88' lang='lat' dir='ltr'><strong>Arithmeticam</strong></span> <span class='ocrx_word' id='word_1_211' title='bbox 3098 3190 3551 3265; x_wconf 87' lang='lat' dir='ltr'><strong>universalem</strong></span> 
     </span>
     <span class='ocr_line' id='line_1_20' title="bbox 518 3307 3550 3402; baseline -0.002 -13"><span class='ocrx_word' id='word_1_212' title='bbox 518 3312 842 3402; x_wconf 86' lang='lat' dir='ltr'><strong>docebit,</strong></span> <span class='ocrx_word' id='word_1_213' title='bbox 892 3311 1142 3386; x_wconf 87' lang='lat' dir='ltr'><strong>diebus</strong></span> <span class='ocrx_word' id='word_1_214' title='bbox 1178 3311 1511 3385; x_wconf 90' lang='lat' dir='ltr'><strong>Mercurii</strong></span> <span class='ocrx_word' id='word_1_215' title='bbox 1553 3310 1724 3385; x_wconf 65' lang='lat' dir='ltr'><strong>hora</strong></span> <span class='ocrx_word' id='word_1_216' title='bbox 1764 3308 1877 3383; x_wconf 92' lang='lat' dir='ltr'><strong>IX</strong></span> <span class='ocrx_word' id='word_1_217' title='bbox 1891 3367 1916 3399; x_wconf 84' lang='lat'>‚</span> <span class='ocrx_word' id='word_1_218' title='bbox 1961 3309 2009 3382; x_wconf 87' lang='lat' dir='ltr'>J</span> <span class='ocrx_word' id='word_1_219' title='bbox 2009 3310 2154 3385; x_wconf 89' lang='lat' dir='ltr'><strong>ovis</strong></span> <span class='ocrx_word' id='word_1_220' title='bbox 2199 3308 2368 3383; x_wconf 68' lang='lat' dir='ltr'><strong>hora</strong></span> <span class='ocrx_word' id='word_1_221' title='bbox 2403 3307 2518 3382; x_wconf 91' lang='lat' dir='ltr'><strong>IX</strong></span> <span class='ocrx_word' id='word_1_222' title='bbox 2564 3317 2637 3383; x_wconf 92' lang='lat' dir='ltr'><strong>et</strong></span> <span class='ocrx_word' id='word_1_223' title='bbox 2678 3309 2967 3389; x_wconf 89' lang='lat' dir='ltr'><strong>Veneris</strong></span> <span class='ocrx_word' id='word_1_224' title='bbox 3006 3310 3175 3385; x_wconf 65' lang='lat' dir='ltr'><strong>hora</strong></span> <span class='ocrx_word' id='word_1_225' title='bbox 3206 3310 3550 3385; x_wconf 70' lang='lat' dir='ltr'><strong>matutina</strong></span> 
     </span>
     <span class='ocr_line' id='line_1_21' title="bbox 515 3427 3549 3531; baseline -0.001 -24"><span class='ocrx_word' id='word_1_226' title='bbox 515 3432 722 3509; x_wconf 89' lang='lat' dir='ltr'><strong>VIII.</strong></span> <span class='ocrx_word' id='word_1_227' title='bbox 794 3432 1161 3531; x_wconf 84' lang='lat' dir='ltr'><strong>Physicam</strong></span> <span class='ocrx_word' id='word_1_228' title='bbox 1197 3429 1645 3505; x_wconf 89' lang='lat' dir='ltr'><strong>theoreticam</strong></span> <span class='ocrx_word' id='word_1_229' title='bbox 1681 3438 1890 3527; x_wconf 88' lang='lat' dir='ltr'><strong>atque</strong></span> <span class='ocrx_word' id='word_1_230' title='bbox 1919 3427 2523 3529; x_wconf 86' lang='lat' dir='ltr'><strong>experimentalem</strong></span> <span class='ocrx_word' id='word_1_231' title='bbox 2544 3486 2564 3518; x_wconf 91' lang='lat'>‚</span> <span class='ocrx_word' id='word_1_232' title='bbox 2601 3427 2850 3503; x_wconf 90' lang='lat' dir='ltr'><strong>diebus</strong></span> <span class='ocrx_word' id='word_1_233' title='bbox 2875 3428 3162 3518; x_wconf 86' lang='lat' dir='ltr'><strong>Martis,</strong></span> <span class='ocrx_word' id='word_1_234' title='bbox 3184 3428 3513 3504; x_wconf 86' lang='lat' dir='ltr'><strong>Mercurii</strong></span> <span class='ocrx_word' id='word_1_235' title='bbox 3530 3486 3549 3515; x_wconf 90' lang='lat'><strong>,</strong></span> 
     </span>
     <span class='ocr_line' id='line_1_22' title="bbox 519 3545 3555 3649; baseline -0.001 -24"><span class='ocrx_word' id='word_1_236' title='bbox 519 3553 563 3625; x_wconf 88' lang='lat' dir='ltr'><strong>J</strong></span> <span class='ocrx_word' id='word_1_237' title='bbox 565 3551 710 3627; x_wconf 88' lang='lat' dir='ltr'><strong>ovis</strong></span> <span class='ocrx_word' id='word_1_238' title='bbox 765 3559 838 3626; x_wconf 91' lang='lat' dir='ltr'><strong>et</strong></span> <span class='ocrx_word' id='word_1_239' title='bbox 884 3549 1175 3625; x_wconf 89' lang='lat' dir='ltr'><strong>Veneris</strong></span> <span class='ocrx_word' id='word_1_240' title='bbox 1191 3608 1213 3637; x_wconf 84' lang='lat'>‚</span> <span class='ocrx_word' id='word_1_241' title='bbox 1275 3550 1444 3624; x_wconf 64' lang='lat' dir='ltr'><strong>hora</strong></span> <span class='ocrx_word' id='word_1_242' title='bbox 1484 3555 1642 3649; x_wconf 89' lang='lat' dir='ltr'><strong>post</strong></span> <span class='ocrx_word' id='word_1_243' title='bbox 1685 3547 2046 3623; x_wconf 88' lang='lat' dir='ltr'><strong>meridiem</strong></span> <span class='ocrx_word' id='word_1_244' title='bbox 2087 3548 2147 3622; x_wconf 87' lang='grc' dir='ltr'><strong>Ι.</strong></span> <span class='ocrx_word' id='word_1_245' title='bbox 2244 3545 2573 3645; x_wconf 81' lang='lat' dir='ltr'><strong>Logicam</strong></span> <span class='ocrx_word' id='word_1_246' title='bbox 2622 3547 2849 3622; x_wconf 88' lang='lat' dir='ltr'><strong>tradet</strong></span> <span class='ocrx_word' id='word_1_247' title='bbox 2890 3546 3138 3623; x_wconf 86' lang='lat' dir='ltr'><strong>diebus</strong></span> <span class='ocrx_word' id='word_1_248' title='bbox 3185 3547 3437 3623; x_wconf 85' lang='lat' dir='ltr'><strong>Martis</strong></span> <span class='ocrx_word' id='word_1_249' title='bbox 3484 3557 3555 3623; x_wconf 90' lang='lat' dir='ltr'><strong>et</strong></span> 
     </span>
     <span class='ocr_line' id='line_1_23' title="bbox 518 3666 3571 3767; baseline -0.002 -22"><span class='ocrx_word' id='word_1_250' title='bbox 518 3670 807 3747; x_wconf 86' lang='lat' dir='ltr'><strong>Veneris</strong></span> <span class='ocrx_word' id='word_1_251' title='bbox 823 3729 844 3759; x_wconf 88' lang='lat'><strong>,</strong></span> <span class='ocrx_word' id='word_1_252' title='bbox 910 3670 1081 3745; x_wconf 67' lang='lat' dir='ltr'><strong>hora</strong></span> <span class='ocrx_word' id='word_1_253' title='bbox 1139 3668 1274 3744; x_wconf 92' lang='lat' dir='ltr'><strong>IX.</strong></span> <span class='ocrx_word' id='word_1_254' title='bbox 1399 3668 1752 3743; x_wconf 89' lang='lat' dir='ltr'><strong>Mathesin</strong></span> <span class='ocrx_word' id='word_1_255' title='bbox 1831 3666 2299 3743; x_wconf 88' lang='lat' dir='ltr'><strong>sublimiorem</strong></span> <span class='ocrx_word' id='word_1_256' title='bbox 2319 3724 2341 3755; x_wconf 88' lang='lat'>,</span> <span class='ocrx_word' id='word_1_257' title='bbox 2416 3666 2785 3767; x_wconf 84' lang='lat' dir='ltr'><strong>Physicam</strong></span> <span class='ocrx_word' id='word_1_258' title='bbox 2854 3666 3412 3742; x_wconf 85' lang='lat' dir='ltr'><strong>mathematicam</strong></span> <span class='ocrx_word' id='word_1_259' title='bbox 3482 3674 3571 3739; x_wconf 58' lang='lat' dir='ltr'><strong>etv</strong></span> 
     </span>
     <span class='ocr_line' id='line_1_24' title="bbox 521 3786 3549 3887; baseline -0.002 -22"><span class='ocrx_word' id='word_1_260' title='bbox 521 3787 1035 3865; x_wconf 79' lang='lat' dir='ltr'><strong>Astronomiam</strong></span> <span class='ocrx_word' id='word_1_261' title='bbox 1097 3786 1544 3862; x_wconf 88' lang='lat' dir='ltr'><strong>theoreticam</strong></span> <span class='ocrx_word' id='word_1_262' title='bbox 1603 3794 1813 3886; x_wconf 88' lang='lat' dir='ltr'><strong>atque</strong></span> <span class='ocrx_word' id='word_1_263' title='bbox 1872 3788 2245 3887; x_wconf 81' lang='lat' dir='ltr'><strong>practicam</strong></span> <span class='ocrx_word' id='word_1_264' title='bbox 2276 3788 2571 3863; x_wconf 76' lang='lat' dir='ltr'><strong>tradere</strong></span> <span class='ocrx_word' id='word_1_265' title='bbox 2628 3796 2911 3885; x_wconf 88' lang='lat' dir='ltr'><strong>paratus</strong></span> <span class='ocrx_word' id='word_1_266' title='bbox 2957 3794 3064 3862; x_wconf 90' lang='lat' dir='ltr'><strong>est</strong></span> <span class='ocrx_word' id='word_1_267' title='bbox 3081 3845 3101 3876; x_wconf 91' lang='lat'>,</span> <span class='ocrx_word' id='word_1_268' title='bbox 3165 3786 3413 3861; x_wconf 88' lang='lat' dir='ltr'><strong>diebus</strong></span> <span class='ocrx_word' id='word_1_269' title='bbox 3470 3811 3549 3861; x_wconf 89' lang='lat' dir='ltr'><strong>ac</strong></span> 
     </span>
     <span class='ocr_line' id='line_1_25' title="bbox 523 3905 2258 4007; baseline -0.001 -24"><span class='ocrx_word' id='word_1_270' title='bbox 523 3908 708 3983; x_wconf 90' lang='lat' dir='ltr'><strong>horis</strong></span> <span class='ocrx_word' id='word_1_271' title='bbox 758 3914 999 4007; x_wconf 89' lang='lat' dir='ltr'><strong>postea</strong></span> <span class='ocrx_word' id='word_1_272' title='bbox 1046 3930 1210 3981; x_wconf 89' lang='lat' dir='ltr'><strong>cum</strong></span> <span class='ocrx_word' id='word_1_273' title='bbox 1256 3905 1694 3982; x_wconf 85' lang='lat' dir='ltr'><strong>auditoribus</strong></span> <span class='ocrx_word' id='word_1_274' title='bbox 1739 3906 2258 3983; x_wconf 85' lang='lat' dir='ltr'><strong>constituendis.</strong></span> 
     </span>
    </p>
   </div>
   <div class='ocr_carea' id='block_1_7' title="bbox 525 4126 3549 4723">
    <p class='ocr_par' dir='ltr' id='par_1_7' title="bbox 525 4126 3549 4723">
     <span class='ocr_line' id='line_1_26' title="bbox 621 4126 3549 4243; baseline -0.001 -23"><span class='ocrx_word' id='word_1_275' title='bbox 621 4146 936 4223; x_wconf 58' lang='lat' dir='ltr'><strong>Samus</strong></span> <span class='ocrx_word' id='word_1_276' title='bbox 991 4146 1230 4221; x_wconf 63' lang='lat' dir='ltr'><strong>Susam</strong></span> <span class='ocrx_word' id='word_1_277' title='bbox 1253 4204 1274 4234; x_wconf 94' lang='lat'>,</span> <span class='ocrx_word' id='word_1_278' title='bbox 1337 4145 1756 4219; x_wconf 77' lang='lat' dir='ltr'><strong>Litterarum</strong></span> <span class='ocrx_word' id='word_1_279' title='bbox 1804 4144 2273 4219; x_wconf 75' lang='lat' dir='ltr'><strong>hodiernarum</strong></span> <span class='ocrx_word' id='word_1_280' title='bbox 2325 4144 2573 4219; x_wconf 68' lang='lat' dir='ltr'><strong>hector</strong></span> <span class='ocrx_word' id='word_1_281' title='bbox 2594 4200 2615 4232; x_wconf 90' lang='lat'><em>,</em></span> <span class='ocrx_word' id='word_1_282' title='bbox 2678 4126 3022 4219; x_wconf 87' lang='lat' dir='ltr'><strong>Athenaei</strong></span> <span class='ocrx_word' id='word_1_283' title='bbox 3071 4143 3325 4219; x_wconf 86' lang='lat' dir='ltr'><strong>civium</strong></span> <span class='ocrx_word' id='word_1_284' title='bbox 3343 4201 3364 4233; x_wconf 91' lang='lat'>‚</span> <span class='ocrx_word' id='word_1_285' title='bbox 3425 4146 3549 4243; x_wconf 92' lang='lat' dir='ltr'><strong>qui</strong></span> 
     </span>
     <span class='ocr_line' id='line_1_27' title="bbox 525 4259 3545 4363; baseline -0.003 -21"><span class='ocrx_word' id='word_1_286' title='bbox 525 4265 821 4342; x_wconf 89' lang='lat' dir='ltr'><strong>Litteras</strong></span> <span class='ocrx_word' id='word_1_287' title='bbox 895 4262 1338 4339; x_wconf 88' lang='lat' dir='ltr'><strong>Germanicas</strong></span> <span class='ocrx_word' id='word_1_288' title='bbox 1357 4322 1378 4355; x_wconf 93' lang='lat'>,</span> <span class='ocrx_word' id='word_1_289' title='bbox 1465 4263 1796 4363; x_wconf 85' lang='lat' dir='ltr'><strong>Anglicas</strong></span> <span class='ocrx_word' id='word_1_290' title='bbox 1814 4322 1835 4352; x_wconf 88' lang='lat'><strong>,</strong></span> <span class='ocrx_word' id='word_1_291' title='bbox 1920 4263 2197 4339; x_wconf 84' lang='lat' dir='ltr'><strong>Italicas</strong></span> <span class='ocrx_word' id='word_1_292' title='bbox 2263 4276 2336 4337; x_wconf 89' lang='lat' dir='ltr'><strong>et</strong></span> <span class='ocrx_word' id='word_1_293' title='bbox 2400 4259 2699 4339; x_wconf 86' lang='lat' dir='ltr'><strong>Gallicas</strong></span> <span class='ocrx_word' id='word_1_294' title='bbox 2738 4262 2908 4337; x_wconf 75' lang='lat' dir='ltr'><strong>‘sibi</strong></span> <span class='ocrx_word' id='word_1_295' title='bbox 2980 4262 3163 4338; x_wconf 91' lang='lat' dir='ltr'><strong>tradi</strong></span> <span class='ocrx_word' id='word_1_296' title='bbox 3225 4262 3508 4362; x_wconf 91' lang='lat' dir='ltr'><strong>cupient</strong></span> <span class='ocrx_word' id='word_1_297' title='bbox 3526 4322 3545 4349; x_wconf 89' lang='lat'><em>‚</em></span> 
     </span>
     <span class='ocr_line' id='line_1_28' title="bbox 527 4381 3547 4487; baseline -0.002 -27"><span class='ocrx_word' id='word_1_298' title='bbox 527 4384 864 4461; x_wconf 89' lang='lat' dir='ltr'><strong>desiderio</strong></span> <span class='ocrx_word' id='word_1_299' title='bbox 917 4385 1168 4487; x_wconf 70' lang='lat' dir='ltr'><strong>lubens</strong></span> <span class='ocrx_word' id='word_1_300' title='bbox 1227 4383 1616 4460; x_wconf 85' lang='lat' dir='ltr'><strong>satisfaciet.</strong></span> <span class='ocrx_word' id='word_1_301' title='bbox 1713 4383 1916 4458; x_wconf 91' lang='lat' dir='ltr'><strong>Idem</strong></span> <span class='ocrx_word' id='word_1_302' title='bbox 1980 4408 2142 4459; x_wconf 93' lang='lat' dir='ltr'><strong>cum</strong></span> <span class='ocrx_word' id='word_1_303' title='bbox 2192 4382 2625 4459; x_wconf 81' lang='lat' dir='ltr'><strong>auditoribus</strong></span> <span class='ocrx_word' id='word_1_304' title='bbox 2677 4382 2767 4457; x_wconf 93' lang='lat' dir='ltr'><strong>de</strong></span> <span class='ocrx_word' id='word_1_305' title='bbox 2813 4382 3165 4481; x_wconf 81' lang='lat' dir='ltr'><strong>tragoedia</strong></span> <span class='ocrx_word' id='word_1_306' title='bbox 3214 4381 3509 4481; x_wconf 82' lang='lat' dir='ltr'><strong>Anglica</strong></span> <span class='ocrx_word' id='word_1_307' title='bbox 3529 4440 3547 4469; x_wconf 92' lang='lat'><strong><em>,</em></strong></span> 
     </span>
     <span class='ocr_line' id='line_1_29' title="bbox 531 4490 3549 4605; baseline -0.002 -24"><span class='ocrx_word' id='word_1_308' title='bbox 531 4505 1059 4605; x_wconf 74' lang='lat' dir='ltr'><strong>Sbakespeare&#39;a</strong></span> <span class='ocrx_word' id='word_1_309' title='bbox 1103 4504 1392 4579; x_wconf 82' lang='lat' dir='ltr'><strong>Hamlet</strong></span> <span class='ocrx_word' id='word_1_310' title='bbox 1406 4561 1426 4592; x_wconf 93' lang='lat'>‚</span> <span class='ocrx_word' id='word_1_311' title='bbox 1495 4504 1748 4579; x_wconf 81' lang='lat' dir='ltr'><strong>Prince</strong></span> <span class='ocrx_word' id='word_1_312' title='bbox 1795 4490 1882 4599; x_wconf 83' lang='lat' dir='ltr'><strong>of</strong></span> <span class='ocrx_word' id='word_1_313' title='bbox 1917 4505 2273 4578; x_wconf 78' lang='lat' dir='ltr'><strong>Denmark</strong></span> <span class='ocrx_word' id='word_1_314' title='bbox 2319 4502 2650 4603; x_wconf 88' lang='lat' dir='ltr'><strong>inscripta</strong></span> <span class='ocrx_word' id='word_1_315' title='bbox 2667 4560 2687 4591; x_wconf 93' lang='lat'>‚</span> <span class='ocrx_word' id='word_1_316' title='bbox 2752 4502 2845 4576; x_wconf 87' lang='lat' dir='ltr'><strong>ad</strong></span> <span class='ocrx_word' id='word_1_317' title='bbox 2892 4502 3183 4579; x_wconf 87' lang='lat' dir='ltr'><strong>ductum</strong></span> <span class='ocrx_word' id='word_1_318' title='bbox 3226 4500 3549 4577; x_wconf 88' lang='lat' dir='ltr'><strong>auctioris</strong></span> 
     </span>
     <span class='ocr_line' id='line_1_30' title="bbox 528 4620 2995 4723; baseline -0.001 -24"><span class='ocrx_word' id='word_1_319' title='bbox 528 4624 848 4700; x_wconf 87' lang='lat' dir='ltr'><strong>editionis</strong></span> <span class='ocrx_word' id='word_1_320' title='bbox 912 4626 1159 4699; x_wconf 83' lang='lat' dir='ltr'><strong>Collier</strong></span> <span class='ocrx_word' id='word_1_321' title='bbox 1207 4624 1510 4723; x_wconf 71' lang='lat' dir='ltr'><strong>Payne&#39;a</strong></span> <span class='ocrx_word' id='word_1_322' title='bbox 1551 4625 1842 4699; x_wconf 76' lang='lat' dir='ltr'><strong>Edition</strong></span> <span class='ocrx_word' id='word_1_323' title='bbox 1859 4679 1882 4711; x_wconf 87' lang='lat'><em>,</em></span> <span class='ocrx_word' id='word_1_324' title='bbox 1929 4646 2153 4721; x_wconf 92' lang='lat' dir='ltr'><strong>nuper</strong></span> <span class='ocrx_word' id='word_1_325' title='bbox 2198 4622 2603 4700; x_wconf 88' lang='lat' dir='ltr'><strong>emendatae</strong></span> <span class='ocrx_word' id='word_1_326' title='bbox 2618 4681 2639 4712; x_wconf 88' lang='lat'>‚</span> <span class='ocrx_word' id='word_1_327' title='bbox 2688 4620 2995 4697; x_wconf 89' lang='lat' dir='ltr'><strong>disseret.</strong></span> 
     </span>
    </p>
   </div>
   <div class='ocr_carea' id='block_1_8' title="bbox 1847 4886 2230 4917">
    <p class='ocr_par' dir='ltr' id='par_1_8' title="bbox 1847 4886 2230 4917">
     <span class='ocr_line' id='line_1_31' title="bbox 1847 4886 2230 4917; baseline 0 -10"><span class='ocrx_word' id='word_1_328' title='bbox 1847 4886 2230 4917; x_wconf 53' lang='lat'><strong>*—</strong></span> 
     </span>
    </p>
   </div>
  </div>
 </body>
</html>
