4967 6217
1836 674 2387 746 ORATIO.
3471 680 3598 744 103

564 881 720 977 jam
770 860 1229 955 inveteratum
1284 886 1639 955 sanaretur
1657 937 1677 967 ,
1726 887 1809 955 ut
1848 880 2277 957 revivisceret
2315 905 2474 980 pars
2517 880 2636 954 illa
2672 880 3128 955 institutionis
3171 880 3598 955 academicae

574 998 778 1097 quasi
809 1008 1140 1089 emortua.
1258 1000 1530 1097 Nempe
1566 999 1725 1074 hinc
1762 1000 2020 1075 factum
2064 1008 2171 1075 est
2192 1060 2213 1089 ‚
2264 1010 2345 1075 ut
2383 1000 2768 1075 matheseos
2812 999 2938 1074 diu
2975 1000 3326 1100 neglectae
3362 1000 3600 1074 doctor

574 1118 712 1192 huc
751 1126 1108 1193 vocaretur
1148 1116 1655 1193 illustrissimus
1674 1176 1693 1205 ‚
1744 1118 1948 1217 longe
1986 1119 2483 1218 peritissimus;
2533 1118 2634 1193 ita
2680 1126 2762 1192 ut
2807 1143 2950 1193 uno
2995 1120 3228 1194 subito
3267 1120 3595 1219 temporis

574 1238 789 1313 veluti
829 1238 977 1313 ictu
1011 1239 1341 1313 transitus
1375 1238 1571 1311 fieret
1608 1262 1651 1311 a
1688 1237 1991 1311 tenebris
2033 1236 2126 1311 ad
2168 1236 2413 1313 lucem.
2515 1237 2766 1335 Neque
2807 1239 2994 1311 enim
3035 1238 3240 1313 multi
3269 1237 3552 1312 fuerunt
3575 1296 3593 1324 ,

574 1382 749 1456 quos
819 1358 982 1432 huic
1050 1380 1249 1454 pares
1305 1355 1557 1430 habere
1623 1354 1867 1443 liceat3
1940 1363 2087 1431 erat
2144 1355 2251 1428 vir
2306 1354 2381 1428 in
2448 1355 2689 1455 paucis
2755 1356 3050 1430 eximius
3073 1415 3093 1445 ‚
3161 1381 3304 1431 non
3370 1357 3594 1431 solum

573 1454 902 1551 doctrina'
957 1474 1293 1548 excellens
1316 1531 1337 1561 ‚
1409 1472 1533 1547 sed
1597 1474 1721 1572 qui
1786 1473 1995 1549 etiam
2053 1498 2265 1549 novas
2314 1474 2459 1548 vias
2503 1472 2595 1547 ad
2641 1474 3193 1574 amplificandam
3241 1476 3594 1555 scientiam

571 1597 947 1693 humanam
993 1594 1142 1692 ipse
1184 1592 1561 1667 invenisset
1608 1601 1680 1668 et
1727 1593 1879 1668 aliis
1924 1593 2293 1669 stravisset.
2392 1592 2559 1668 Fuit
2603 1618 2691 1668 ex
2737 1620 2948 1694 parvo
2987 1619 3226 1669 eorum
3272 1620 3596 1683 numero,

571 1716 697 1814 qui
746 1712 1010 1812 ingenii
1058 1711 1167 1785 sui
1216 1711 1534 1787 acumine
1578 1718 1649 1787 et
1688 1711 2108 1812 praestantia
2150 1704 2494 1787 doctrinas
2538 1714 2842 1812 integras
2887 1715 3386 1803 condiderunt,
3437 1714 3559 1813 qui
3579 1773 3596 1801 ‚

570 1856 802 1907 rerum
858 1831 1267 1906 sublimium
1312 1854 1646 1905 novarum
1694 1832 2084 1905 inventores
2103 1890 2122 1919 ‚
2189 1838 2620 1930 posterorum
2677 1833 3201 1908 admirationem
3259 1834 3411 1907 iure
3465 1832 3597 1906 sibi

573 1959 739 2027 sunt
791 1949 1041 2025 meriti.
1141 1950 1343 2025 Illius
1386 1950 1515 2023 viri
1564 1951 1912 2025 doctrinae
1960 1951 2083 2025 lux
2127 1975 2266 2025 non
2322 1952 2546 2025 solum
2591 1951 2770 2025 hanc
2820 1952 3243 2027 academiam
3301 1952 3598 2026 illustra-

416 2140 424 2145 .
568 2069 711 2158 vit,
772 2068 897 2143 sed
945 2068 1186 2143 orbem
1243 2068 1593 2143 eruditum
1635 2074 1883 2143 totum.
1987 2068 2201 2145 Quod
2243 2092 2455 2165 quam
2471 2149 2482 2160 ‚
2497 2091 2652 2141 vere
2697 2067 2989 2151 disterim
3035 2067 3348 2143 sentietis
3368 2126 3389 2157 ‚
3437 2092 3598 2143 cum

569 2189 934 2261 IonANms
980 2188 1447 2261 Bannounnn
1489 2210 1742 2260 nomen
1791 2210 2295 2285 nuncupavero.

664 2305 980 2380 Basileae
1020 2312 1227 2379 natus
1244 2363 1265 2394 ,
1314 2330 1578 2381 annum
1609 2328 1811 2405 agere
1843 2306 2070 2402 coepit
2096 2303 2498 2379 vicesimum
2537 2325 2800 2376 nonum
2815 2360 2836 2389 ‚
2886 2326 3106 2399 quum
3142 2303 3280 2378 huc
3315 2304 3597 2379 veniret.
3723 2385 3730 2393 ,

568 2421 843 2503 Quodsi
866 2422 1252 2511 miramini,
1288 2431 1635 2499 curatores
1666 2422 2053 2499 academiae
2083 2422 2417 2520 delegisse
2442 2421 2666 2495 virum
2685 2420 3004 2494 iuvenem
3020 2478 3041 2509 ,
3068 2428 3382 2495 exterum
3396 2479 3417 2510 ,
3441 2420 3601 2497 licet

566 2542 640 2615 in
666 2541 891 2640 patria
927 2548 1095 2617 tunc
1132 2544 1456 2643 temporis
1484 2541 1769 2617 minime
1805 2542 2208 2630 deficerent,
2248 2539 2371 2640 qui
2406 2538 3049 2614 mathematicamm
3082 2540 3604 2638 disciplinarum

572 2666 807 2735 essent
843 2659 1091 2758 periti,
1140 2660 1499 2735 sciendum
1513 2719 1534 2748 ‚
1582 2685 1699 2734 eos
1739 2658 2121 2733 verosimile
2165 2684 2315 2733 esse
2351 2658 2716 2733 obsecutos
2755 2656 3146 2732 auctoritati
3178 2658 3603 2733 celeberrimi

444 2827 455 2835 ·
569 2780 895 2855 nostratis
921 2780 1366 2855 Cumarum
1398 2781 1757 2857 Huemm.
1856 2779 2147 2854 Constat
2191 2776 2437 2852 saltem
2456 2834 2477 2867 ,
2524 2777 2938 2852 Huonnnm
2977 2800 3106 2876 per
3137 2777 3602 2851 marchionem

567 2898 1054 2973 Horrunmu
1097 2900 1641 2975 Bannounmmu
1688 2897 1938 2973 adiisse
1984 2896 2073 2971 de
2120 2896 2444 2971 cathedra
2488 2895 2876 2969 matheseos
2925 2895 2999 2970 in
3064 2895 3192 2971 hac
3255 2895 3605 2971 academia

578 3016 999 3116 occupanda.
1103 3018 1316 3095 Quod
1368 3018 1633 3095 circiter
1685 3018 1929 3093 eodem
1972 3016 2235 3093 factum
2286 3024 2394 3091 est
2436 3024 2745 3115 tempore
2767 3074 2788 3104 ‚
2837 3040 2977 3115 quo
3015 3016 3257 3091 eadem
3303 3016 3406 3091 illi
3447 3040 3604 3116 pro-

576 3135 781 3211 fessio
867 3135 1245 3211 deferretur
1329 3138 1533 3213 Halis
1552 3195 1575 3226 ,
1676 3136 1890 3236 idque
1984 3143 2261 3213 auctore
2348 3135 2887 3235 praeclarissimo
2965 3136 3110 3209 viro
3191 3136 3601 3215 Lamm'rro,

573 3255 1097 3331 Bnanounmus
1170 3264 1405 3333 tamen
1484 3263 1793 3332 nostram
1856 3255 2280 3331 academiam
2354 3255 2725 3354 praetulit,
2807 3255 2884 3331 in
2963 3280 3102 3354 qua
3179 3254 3312 3330 sub
3387 3256 3604 3329 finem

574 3400 639 3453 a.
692 3378 884 3451 1695
936 3399 1196 3451 novum
1242 3401 1451 3451 suum
1496 3400 1757 3469 munus
1802 3398 2037 3473 gerere
2084 3374 2331 3471 coepit.

676 3493 739 3567 E
790 3493 1386 3569 commendatione
1445 3495 1535 3569 ab
1592 3493 1879 3568 eruditis
1934 3492 2239 3592 profecta
2253 3551 2274 3582 ‚
2340 3492 2579 3591 quales
2623 3492 3051 3568 Lmnmrms
3097 3498 3170 3568 et
3207 3491 3598 3569 Hnenmus

578 3611 865 3685 fuerunt
886 3669 907 3700 ,
978 3611 1215 3687 statim
1281 3613 1613 3688 coniicitis
1632 3671 1651 3700 ‚
1717 3611 1853 3686 huc
1918 3619 2231 3685 vocatum
2291 3610 2640 3685 doctorem
2699 3612 2924 3686 virum
2967 3612 3003 3686 f
3002 3613 3182 3685 uisse
3227 3610 3593 3711 insignem.

574 3728 791 3809 Quod
842 3728 903 3803 si
954 3729 1125 3805 scire
1176 3732 1433 3807 aveatis
1453 3790 1474 3821 ,
1544 3755 1884 3830 quaenam
1922 3727 2182 3803 fuerint
2230 3728 2360 3802 viri
2407 3729 2652 3805 merita
2670 3788 2690 3818 ‚
2759 3754 2908 3807 rem
2974 3730 3184 3829 paulo
3235 3729 3443 3803 altius
3489 3754 3593 3803 re·

574 3856 805 3948 petere
881 3856 1199 3947 oportet,
1271 3858 1342 3926 et
1402 3851 1825 3926 mentionem
1888 3848 2111 3925 facere
2171 3850 2465 3925 duorum
2522 3851 2959 3926 inventorum
3000 3846 3552 3925 memorabilium
3575 3906 3594 3935 ,

575 3991 754 4065 quae
828 3968 1127 4043 mathesi
1197 3968 1567 4045 hodiernae
1640 3995 1796 4077 eam
1867 3970 2209 4044 dederunt
2272 3969 2762 4067 praestantiam
2776 4027 2798 4057 ,
2868 3992 3007 4067 qua
3077 3992 3242 4067 prae
3311 3967 3600 4065 antiqua

577 4086 871 4174 eminet,
933 4094 1087 4161 tum
1142 4083 1415 4165 ambitu
1471 4098 1545 4164 et
1605 4090 1939 4189 gravitate
1990 4088 2463 4187 applicationis
2526 4096 2678 4163 tum
2743 4087 3112 4163 universali
3181 4086 3597 4183 contempla-

576 4203 787 4279 tionis
832 4205 1116 4280 ratione.

675 4324 1071 4422 Utrumque
1116 4323 1478 4403 inventum
1526 4326 1825 4427 pertinet
1868 4326 1961 4401 ad
2006 4328 2317 4420 seculum
2376 4327 2724 4401 decimum
2788 4325 3180 4424 septimum.
3280 4322 3596 4398 Primum

568 4440 951 4518 'CAarnsro
1004 4442 1297 4520 debetur
1314 4504 1335 4533 ‚
1395 4446 1519 4545 qui
1574 4470 1699 4544 pro
1748 4468 1874 4518 sua
1922 4444 2292 4543 sagacitate
2349 4444 2522 4518 vidit
2569 4467 2778 4543 quam
2829 4442 3030 4543 plene
3073 4443 3284 4518 simul
3321 4449 3391 4517 et
3439 4441 3594 4517 bre·

582 4562 755 4638 viter
812 4586 923 4637 res
943 4618 964 4650 ‚
1032 4561 1120 4637 de
1167 4564 1423 4662 quibus
1480 4565 1555 4639 in
1604 4562 1981 4665 geometria
2023 4564 2257 4661 agitur
2270 4621 2291 4652 ‚
2338 4564 2630 4663 exprimi
2677 4562 2944 4662 possint
2988 4586 3112 4661 per
3153 4556 3594 4661 aequa'tiones

582 4680 1041 4781 algebraicas3
1111 4681 1311 4758 cuius
1378 4683 1481 4759 rei
1544 4684 1813 4759 fructus
1878 4684 1939 4757 is
2000 4691 2105 4757 est
2122 4740 2145 4771 ,
2213 4690 2294 4757 ut
2354 4684 2804 4783 proprietates
2867 4681 3140 4756 illarum
3205 4706 3436 4756 rerum
3509 4706 3596 4757 ex

582 4800 831 4877 iisdem
892 4799 1205 4877 formulis
1222 4860 1243 4891 ,
1294 4802 1569 4901 quibus
1624 4802 2063 4880 continentur
2079 4860 2101 4891 ‚
2166 4802 2477 4901 simplice
2521 4802 2782 4879 calculo
2828 4800 3212 4899 algebraico
3257 4800 3329 4874 in
3373 4801 3598 4876 lucem
