4967 6217
1800 710 2352 780 ORATIO.
3466 711 3588 777 121

562 922 893 1021 piissimi!
974 944 1123 997 vm
1185 922 1533 997 Planum
1602 929 1673 995 et
1742 921 2101 996 Wrcnnns
2120 979 2143 1009 ,
2217 946 2259 995 a
2328 921 2524 1018 Rege
2587 918 2919 1018 contigit,
2986 916 3254 993 civibus
3310 917 3593 1017 quidem

566 1040 761 1115 valde
816 1039 1334 1139 plaudentibus,
1436 1039 1657 1114 Cuius
1726 1040 1827 1113 rei
1887 1039 2379 1113 documentum
2448 1038 2694 1112 datum
2759 1046 2867 1111 est
2925 1034 3142 1111 Vobis
3195 1037 3584 1136 egregium,

564 1183 785 1257 quum
844 1158 1391 1235 honoratioribus
1434 1160 1569 1233 adn
1578 1157 2058 1232 umeraremini
2103 1158 2284 1230 inter
2328 1157 2710 1255 adscriptos
2759 1156 2984 1231 ordini
3031 1157 3334 1255 equestri
3393 1158 3589 1231 Coro·

564 1304 695 1353 nae
744 1279 1099 1359 Querceae.
1202 1277 1425 1351 Nobis
1472 1277 1630 1350 ideo
1670 1274 1987 1375 inprimis
2032 1284 2271 1374 gratus
2314 1276 2566 1349 accidit
2615 1276 2836 1349 honor
2850 1334 2870 1364 ,
2921 1300 3061 1374 quo
3107 1276 3543 1351 afficeremini
3563 1334 3584 1364 ,

565 1398 730 1496 quia
787 1398 1071 1473 maximi
1122 1396 1419 1471 facimus
1470 1396 1543 1469 in
1592 1394 1812 1469 Vobis
1857 1418 2095 1469 curam
2142 1418 2424 1468 omnem
2464 1394 2694 1482 illam,
2745 1418 2960 1493 quam
3007 1394 3262 1494 ponitis
3309 1394 3384 1468 in
3423 1419 3586 1494 pru-

564 1516 757 1592 denti
830 1515 1417 1592 administratione
1480 1538 1713 1591 rerum
1778 1523 2171 1590 nostrarum
2238 1513 2824 1603 academicorum,
2905 1538 3032 1614 pro
3101 1538 3243 1613 qua
3310 1522 3586 1660 gratum

564 1636 874 1711 animum
919 1641 1234 1709 nostrum
1280 1604 1501 1709 Vobis
1548 1658 1736 1710 nunc
1784 1634 2061 1734 publice
2110 1625 2605 1733 significamus.

660 1753 917 1829 Similis
973 1754 1224 1842 honor,
1282 1754 1893 1853 comprobantibus
1946 1752 2213 1830 civibus
2272 1752 2508 1828 omnib
2517 1779 2638 1843 us,
2687 1754 2896 1829 etiam
2947 1754 3011 1828 ei
3059 1754 3386 1854 contigit,
3434 1756 3556 1852 qui
3573 1812 3591 1841 ‚

561 1872 1007 1973 magistratus
1056 1873 1303 1948 urbani
1339 1874 1506 1949 olim
1548 1900 1821 1975 praeses
1836 1934 1856 1963 ,
1904 1873 2195 1973 collegio
2232 1881 2628 1948 curatorum
2669 1875 2879 1948 etiam
2916 1873 3252 1947 interfuit.
3327 1872 3554 1947 Iocus
3573 1930 3592 1961 ,

562 2016 769 2091 quem
840 1992 943 2066 ibi
1026 1992 1311 2069 tenebat
1396 1995 1499 2067 vir
1584 1992 2031 2092 gravissimus
2113 2015 2262 2067 van
2331 1993 2661 2081 Iunorr,
2740 2017 2903 2067 cum
2983 2018 3070 2066 ex
3143 1990 3360 2090 Regis
3437 1999 3594 2065 voto

562 2111 840 2187 redierit
889 2112 981 2187 ad
1030 2136 1325 2203 munuS,
1378 2112 1566 2211 quod
1603 2121 1807 2187 antea
1850 2110 1922 2185 in
1964 2111 2155 2185 curia
2189 2111 2638 2211 Groningana
2679 2119 3020 2245 gesserat,
3070 2134 3329 2184 vacuus
3380 2111 3468 2185 ab
3513 2134 3596 2185 eo

561 2230 991 2329 relinquitur.
1059 2232 1246 2319 Nos,
1280 2231 1403 2329 qui
1442 2232 1706 2330 experti
1738 2229 2143 2319 didicimus,
2178 2240 2440 2329 quanto
2483 2231 2700 2306 animi
2739 2230 2978 2305 ardore
3019 2238 3170 2304 tum
3211 2229 3404 2304 urbis
3443 2237 3598 2303 tum

560 2350 949 2425 academiae
1012 2350 1373 2425 commoda
1436 2375 1831 2450 promovere
1894 2350 2244 2438 studeret,
2306 2350 2446 2423 sere
2497 2349 2888 2423 invidemus
2945 2348 3173 2422 curiae
3234 2348 3385 2423 eius
3444 2373 3598 2447 per-

560 2491 817 2542 sonam.
918 2469 1007 2543 Id
1047 2476 1231 2543 certe
1274 2476 1595 2568 optamus
1615 2527 1635 2557 ,
1682 2469 1827 2542 fore
1868 2473 1951 2542 ut
1988 2466 2359 2564 aliquando
2401 2465 2670 2540 iterum
2699 2475 2989 2565 occupet
3035 2466 3217 2541 inter
3248 2475 3598 2542 curatores

559 2586 793 2663 sedem
858 2612 1096 2676 suam;
1163 2597 1246 2662 ut
1292 2611 1533 2662 rursus
1578 2585 1951 2685 aliquando
1990 2593 2177 2659 arcto
2218 2584 2493 2660 vinculo
2531 2585 2993 2684 coniungatur
3035 2611 3196 2661 cum
3239 2585 3560 2662 instituto
3579 2646 3599 2676 ,

558 2706 747 2805 quod
802 2730 1073 2804 semper
1124 2706 1190 2779 ei
1233 2730 1473 2780 carum
1525 2705 1662 2779 fuit
1721 2702 2169 2803 manebitque
2192 2760 2213 2793 ,
2281 2711 2351 2779 et
2398 2703 2525 2778 ubi
2571 2729 2710 2779 non
2759 2704 3012 2803 peribit
3072 2706 3402 2781 memoria
3449 2707 3600 2781 eius

558 2824 1095 2901 benefactorum.

660 2943 975 3018 Multum
1038 2943 1247 3017 etiam
1304 2943 1465 3017 Tibi
1524 2942 1733 3017 debet
1776 2942 2158 3031 academia,
2209 2942 2734 3019 honoratissime
2779 2946 3262 3021 Gnarum!
3367 2947 3600 3021 Incre-

561 3061 919 3136 sc-entibus'
984 3060 1339 3137 laboribus
1401 3070 1793 3137 curatorum
1814 3120 1834 3150 ,
1909 3061 2167 3161 quibus
2234 3064 2345 3137 Tu
2413 3062 2503 3139 ab
2568 3063 2742 3139 actis
2799 3089 2875 3139 es
2893 3122 2916 3153 ,
2992 3088 3132 3139 non
3193 3064 3598 3139 decrescunt

561 3204 723 3256 sane
799 3181 942 3269 tui;
1010 3180 1254 3257 crescit
1330 3206 1488 3256 vero
1549 3182 1622 3256 in
1690 3182 1839 3257 dies
1899 3189 2023 3257 tua
2076 3182 2434 3267 industria.
2538 3182 2853 3257 Maxima
2913 3206 3080 3281 erga
3127 3207 3368 3258 omnes
3421 3182 3606 3257 cives

560 3299 989 3401 academicos
1050 3300 1483 3375 humanitate
1534 3300 1843 3399 fungeris
1898 3324 2184 3374 munere
2229 3307 2394 3388 tuo;
2462 3324 2602 3398 qua
2649 3324 2724 3373 re
2777 3322 2904 3374 nos
2952 3323 3192 3374 omnes
3212 3357 3232 3390 ,
3281 3299 3604 3375 lubentes

558 3418 901 3509 fatemur,
946 3419 1250 3495 multum
1300 3418 1461 3493 Tibi
1507 3418 1830 3493 devincis·

654 3658 957 3736 Quodsi·
1008 3682 1273 3733 annum
1338 3659 1525 3733 hunc
1599 3658 1910 3734 faustum
1968 3683 2232 3734 annum
2298 3657 2568 3745 vocavi,
2619 3679 2756 3730 non
2810 3648 2968 3730 ideo
3015 3654 3185 3745 feci,
3236 3657 3402 3754 quia
3445 3658 3591 3732 Vos

556 3800 798 3851 omnes
820 3834 841 3865 ,
892 3778 1191 3877 collegae
1230 3777 1601 3851 carissimi!
1651 3802 1695 3851 a
1730 3776 1912 3851 tristi
1949 3777 2442 3876 qualicumque
2483 3780 2740 3850 eventu
2779 3776 3065 3873 semper'
3099 3774 3331 3849 fuistis
3369 3774 3590 3851 liberi.

558 4011 775 4117 Vobis
817 4012 1117 4087 vidistis
1135 4069 1157 4100 ,
1236 4012 1361 4111 qui
1425 4010 1645 4086 Vobis
1716 4020 1913 4105 erant
1972 4012 2303 4087 carissimi
2321 4070 2342 4101 ,
2407 4037 2724 4111 quosque
2744 4072 2763 4102 ,
2835 4037 3261 4114 quamquam
3330 4021 3590 4088 meta'm

564 4128 739 4205 vitae
806 4128 1153 4205 humanae
1212 4130 1525 4229 attigisse
1576 4130 1989 4205 videbantur
2004 4189 2025 4219 ,
2088 4131 2469 4235 aegerrime
2521 4132 2945 4209 desideratis.
3045 4134 3158 4207 Tu
3209 4157 3366 4206 vero
3413 4132 3583 4207 ami-

560 4248 833 4323 cissime
893 4248 1092 4323 Sua
1146 4250 1465 4325 Numan!
1542 4248 1740 4348 luges
1804 4255 2099 4325 mortem
2158 4250 2373 4351 patris
2447 4250 3000 4340 honoratissimi,
3065 4274 3276 4351 quem
3343 4274 3583 4325 omnes

560 4368 839 4456 colunt,
909 4374 1215 4467 propter
1244 4368 1533 4443 virtutes
1608 4374 1679 4443 et
1738 4367 1983 4511 merita
2040 4369 2311 4447 eximia.
2433 4371 2724 4447 Dolores
2794 4377 3051 4445 vestros
3129 4392 3269 4443 una
3342 4392 3582 4445 omnes

562 4488 921 4563 sentimus.

658 4604 924 4678 Verum
982 4602 1111 4679 hac
1178 4604 1267 4679 de
1331 4630 1539 4681 causa
1604 4605 1907 4682 maxime
1974 4590 2285 4683 faustum
2353 4607 2502 4683 dixi
2566 4633 2827 4685 annum
2843 4664 2864 4697 ‚
2928 4605 3094 4707 quia
3143 4606 3494 4681 neminem
3541 4633 3581 4683 e

564 4722 1061 4824 professoribus
1112 4724 1471 4799 amisimus
1491 4783 1510 4813 ,
1558 4748 1687 4800 nec
1732 4732 1951 4800 morte
1998 4748 2125 4800 nec
2169 4725 2522 4802 vocatione
2555 4728 2899 4803 aliorsum.
3001 4726 3261 4801 Contra
3298 4733 3582 4801 auctum

564 4844 862 4917 vidimus
940 4866 1311 4919 numerum
1398 4851 1733 4923 nostrum.
1859 4843 2012 4919 Viri
2079 4844 2306 4936 docti,
2382 4834 2682 4945 quorum
2755 4845 3106 4924 adventus·
3156 4845 3376 4922 futuri
3435 4846 3576 4923 iam

2014 4996 2017 4999 ’
3114 4967 3202 5039 16
