4967 6217
1358 704 1485 773 206
2533 699 2586 763 1.
2649 696 2718 763 G.
2780 696 2859 763 G.
2920 693 3205 761 ΒΟΟΤ

1358 908 1839 1011 unusquisque
1898 906 1975 981 id
2022 906 2212 1004 agit,
2260 914 2343 979 ut
2406 905 2807 1004 disciplinae
2859 928 3027 979 suae
3089 903 3264 977 fines
3331 899 3664 999 proferat,
3735 898 4077 973 Athenaei
4122 897 4380 973 famam

1358 1032 1504 1107 suis
1590 1027 1941 1104 laboribus
2026 1033 2319 1125 augeat,
2410 1025 2501 1099 ad
2589 1024 2911 1099 scientiae
2995 1031 3068 1097 et
3155 1021 3428 1095 virtutis
3519 1018 3830 1093 studium
3917 1017 4384 1093 adolescentes

1354 1152 1621 1225 formet.
1720 1148 1808 1222 In
1890 1146 2000 1221 his
2068 1145 2419 1221 laboribus
2493 1144 2816 1219 comitem
2877 1149 2950 1217 et
3001 1141 3264 1217 socium
3331 1139 3692 1238 accipitote
3763 1162 3924 1211 eum
3950 1195 3970 1224 ,
4041 1136 4165 1235 qui
4229 1160 4385 1209 eam

1352 1278 1571 1345 artem
1613 1268 1975 1366 profitetur
1996 1324 2015 1354 ,
2066 1285 2243 1364 quae
2283 1264 2702 1362 reliquarum
2751 1287 2969 1362 paene
3011 1260 3327 1336 omnium
3375 1258 3631 1334 auxilio
3671 1282 3810 1331 non
3851 1264 4080 1355 potest
4119 1279 4348 1329 carere
4365 1314 4385 1343 ,

1352 1390 1612 1489 quiqne
1684 1388 1895 1463 etiam
1952 1395 2161 1483 atque
2242 1384 2453 1459 etiam
2521 1408 2642 1457 vos
2710 1390 2944 1481 rogat,
3003 1406 3106 1455 ne
3179 1378 3481 1455 consiliis
3543 1376 3783 1451 vestris
3839 1401 3912 1449 se
3967 1374 4384 1449 destituatis

1352 1511 1538 1583 Nam
1606 1532 1782 1605 quae
1848 1506 1987 1579 sint
2038 1505 2345 1579 muneris
2398 1502 2590 1600 quod
2641 1502 3062 1575 sustinemus
3107 1506 3336 1597 partes
3355 1556 3374 1585 ‚
3428 1522 3605 1595 quae
3659 1496 3913 1582 officia,
3965 1519 4084 1567 vos
4135 1518 4272 1567 usu
4315 1502 4384 1567 et

1350 1627 1771 1729 experientia
1853 1625 2079 1699 edocti
2150 1624 2372 1723 magis
2432 1629 2863 1719 compertum
2931 1617 3200 1692 habetis
3220 1676 3240 1705 ‚
3315 1640 3530 1715 quam
3598 1640 3760 1714 ego,
3825 1615 3948 1711 qui
4005 1614 4384 1687 multarum

1350 1773 1581 1821 rerum
1648 1770 1789 1819 non
1850 1745 1986 1817 nisi
2054 1743 2538 1817 adumbratam
2595 1740 2826 1813 animo
2890 1738 3268 1835 imaginem
3329 1736 3560 1810 affero.
3662 1734 3924 1807 Contra
4001 1758 4130 1831 ego
4191 1733 4386 1807 vobis

1352 1865 1657 1963 spondeo
1728 1888 1841 1937 me
1902 1862 2292 1937 auctoritati
2348 1870 2610 1935 vestrae
2662 1860 2956 1933 libenter
2999 1856 3644 1955 obtemperaturum
3689 1860 3760 1927 et
3803 1852 3980 1926 nihil
4031 1852 4384 1950 antiquius

1357 1983 1761 2058 habiturum
1825 2006 1974 2056 esse
1990 2040 2011 2068 ‚
2077 2008 2288 2079 quam
2358 1988 2441 2054 ut
2497 2003 2662 2052 eum
2709 2002 2822 2052 me
2867 1984 3209 2076 praestem
3258 1975 3610 2049 literarum
3673 1973 4022 2046 doctorem
4039 2030 4058 2059 ‚
4109 1972 4382 2071 qualem

1352 2101 1546 2175 vobis
1616 2101 1947 2197 collegam
2012 2099 2268 2195 optatis
2319 2095 2592 2170 facilem
2659 2104 2870 2191 atque
2921 2094 3326 2169 humanum.
3431 2094 3633 2166 Tales
3693 2090 3910 2165 fuisse
3958 2092 4347 2190 accepimus
4362 2150 4384 2179 ,

1350 2220 1473 2317 qui
1510 2217 1821 2316 proxime
1872 2222 2032 2290 ante
2077 2240 2189 2288 me
2236 2216 2363 2288 hoc
2401 2237 2688 2287 munere
2729 2212 2949 2286 functi
2999 2220 3164 2285 sunt
3183 2270 3202 2301 ,
3254 2214 3432 2289 viros
3473 2236 3636 2287 cum
3683 2211 4089 2287 eruditionis
4143 2213 4384 2310 copia,

1350 2348 1501 2413 tum
1548 2362 1823 2411 morum
1864 2334 2205 2433 elegantia
2243 2334 2588 2431 insigneS,
2641 2332 2762 2430 qui
2801 2332 3034 2431 plures
3077 2356 3202 2429 per
3235 2356 3469 2437 ‘annos
3512 2332 3700 2405 hunc
3741 2316 3970 2404 locum
4005 2330 4103 2405 ita
4145 2340 4386 2404 tenue-

1346 2466 1545 2555 runt,
1608 2464 1687 2531 ut
1736 2455 2203 2530 adolescentes
2249 2453 2597 2527 literarum
2645 2450 2990 2525 studiosos
3033 2451 3125 2525 ad
3169 2476 3401 2525 veram
3453 2451 3954 2525 humanitatem
4005 2450 4384 2525 formarent
4425 2490 4436 2499 -

1350 2586 1421 2651 et
1488 2577 1859 2651 mirificum
1926 2573 2253 2647 honestae
2313 2571 2540 2645 laudis
2589 2596 2896 2645 amorem
2943 2594 3182 2645 eorum
3227 2570 3481 2644 animis
3526 2570 3958 2645 instillarent.
4057 2570 4380 2646 Quorum

1348 2697 1513 2796 quia
1574 2696 1871 2770 alterum
1946 2694 2162 2785 (Dav.
2232 2693 2385 2767 IAc.
2456 2714 2606 2764 van
2657 2692 2983 2783 Lnnmtr)
3047 2694 3480 2788 praesentem
3523 2690 3916 2787 conspicere
3965 2688 4133 2761 mihi
4181 2688 4339 2762 licet
4360 2746 4380 2776 ‚

1348 2824 1507 2889 utar
1550 2815 1680 2887 hae
1726 2812 2239 2911 opportunitate
2262 2870 2281 2899 ‚
2332 2818 2413 2884 ut
2461 2818 2804 2907 quantum
2853 2810 2919 2883 ei
2965 2809 3270 2884 tribuam
3317 2816 3552 2907 aperte
3602 2808 3962 2883 declarem.

1446 2936 1592 3020 Tu,
1640 2931 2025 3005 venerande
2068 2954 2277 3004 senex
2297 2988 2316 3017 ‚
2367 2930 2491 3027 qui
2529 2930 2604 3001 in
2649 2930 2790 3003 otio
2830 2929 3048 3003 bonas
3077 2930 3310 3003 literas
3345 2930 3564 3003 colere
3605 2928 3835 3027 pergis
3857 2934 3936 3001 et
3955 2924 4351 3001 Hesiodum
4366 2984 4385 3012 ‚

1347 3077 1557 3151 quem
1616 3074 1885 3149 semper
1928 3051 2003 3123 in
2050 3045 2312 3123 deliciis
2352 3048 2694 3136 habuisti,
2745 3048 3094 3125 doctrinae
3133 3057 3298 3122 tuae
3341 3048 3556 3147 copiis
3603 3072 3806 3179 Quas
3827 3106 3847 3135 ,
3897 3045 4196 3121 consiliis
4243 3046 4384 3119 tuis

1346 3196 1460 3246 me
1514 3172 1679 3245 iuva
1746 3170 2057 3268 mihique
2118 3167 2415 3243 concede
2433 3226 2452 3255 ,
2504 3176 2586 3241 ut
2634 3167 3002 3266 prudentia
3051 3176 3174 3241 tua
3218 3168 3576 3265 doctisque
3631 3167 4065 3241 sermonibus
4119 3164 4385 3239 doctior

1344 3294 1528 3365 fiam.
1628 3290 1863 3364 Multa
1928 3315 1970 3362 a
2040 3296 2111 3361 te
2175 3287 2435 3361 discere
2503 3312 2705 3374 aveo,
2775 3288 2900 3361 sed
2961 3288 3090 3363 hoc
3141 3288 3442 3361 maxime
3463 3346 3482 3375 ‚
3534 3313 3674 3386 qua
3717 3296 3862 3361 arte
3907 3294 4016 3360 tot
4061 3286 4380 3373 iuvenes,

1346 3410 1469 3507 qui
1514 3416 1585 3483 te
1634 3408 1809 3480 duce
1850 3407 1963 3481 usi
2004 3413 2209 3493 sunt,
2258 3406 2350 3480 ad
2400 3406 2834 3504 antiquitatis
2873 3432 3178 3481 amorem
3221 3407 3549 3495 excitare,
3599 3407 3691 3482 ad
3733 3431 4014 3480 omnem
4053 3405 4380 3479 virtutem

1342 3530 1713 3602 informare
1755 3526 2081 3624 potueris
2168 3527 2470 3600 Beatum
2513 3534 2584 3599 te
2626 3526 3100 3624 praedicamus
3124 3585 3143 3616 ,
3195 3527 3309 3601 cui
3351 3527 3692 3625 contingit
3731 3527 3804 3600 in
3846 3528 3981 3599 ista
4023 3530 4380 3599 senectute

1344 3646 1658 3719 laborum
1725 3653 2005 3717 tuorum
2064 3641 2331 3715 fructus
2384 3642 2734 3739 adspicere
2757 3700 2777 3729 ,
2827 3644 3308 3719 auctoritatem
3361 3646 3550 3743 apud
3607 3646 3789 3720 cives
3840 3655 4002 3719 tuos
4049 3644 4377 3718 imminu·

1342 3774 1489 3837 tam
1554 3785 1817 3835 servare
1838 3818 1857 3847 ‚
1926 3760 2026 3833 rei
2090 3760 2407 3857 publicae
2474 3768 2546 3832 et
2607 3760 2820 3833 literis
2860 3761 3206 3835 inservire.
3311 3764 3386 3837 Si
3427 3765 3601 3862 quid
3645 3790 3806 3839 mea
3843 3774 4002 3838 vota
4039 3772 4370 3861 possunt,

1344 3888 1707 3980 nunquam
1778 3880 1961 3953 tristi
2030 3904 2165 3953 usu
2226 3904 2594 3978 cognosces
2612 3938 2631 3967 ‚
2705 3904 2914 3977 quam
2968 3881 3312 3979 praeclara
3348 3884 3689 3981 praesidia
3735 3892 3972 3961 contra
4011 3883 4370 3957 adversam

1343 4001 1691 4075 fortunam
1759 4007 2067 4074 veterum
2136 4000 2388 4097 scripta
2410 4000 2891 4124 ‘suppeditent
2904 4058 2924 4087 ‚
2993 4009 3064 4074 et
3126 4002 3250 4099 qui
3307 4010 3380 4075 te
3443 4004 3865 4101 conspicient
3933 4028 4158 4077 veram
4221 4027 4372 4076 esse

1340 4121 1731 4219 intelligent
1772 4120 2017 4193 Graeci
2063 4112 2305 4216 poetae
2349 4120 2762 4194 sententiam
2802 4120 3120 4217 negantis
3160 4144 3508 4195 senescere
3551 4124 3892 4223 sapientes
3915 4180 3934 4210 ,
3984 4123 4058 4222 in
4111 4122 4371 4219 quibus

1340 4240 1609 4313 eluceat
1656 4263 1853 4312 mens
1900 4238 2109 4335 longa
2156 4238 2271 4310 die
2318 4246 2522 4323 aucta
2572 4240 2654 4329 ¹).

1441 4358 1676 4435 Quam
1721 4356 1966 4429 vellem
2007 4355 2119 4429 hic
2180 4379 2459 4452 quoque
2511 4355 2782 4430 adesset
2821 4356 3079 4455 collega
3120 4365 3286 4431 tuus
3335 4359 3459 4432 Vir
3507 4362 3944 4447 Clarissimus
3982 4363 4368 4436 Ionxunns

1338 4477 1701 4551 Bossan.
1810 4476 1921 4550 De
1986 4498 2125 4574 quo
2192 4498 2415 4573 quum
2460 4475 2689 4574 cogito
2708 4534 2726 4563 ,
2776 4476 2992 4549 tristis
3045 4477 3351 4551 animum
3415 4504 3652 4553 meum
3701 4481 3893 4555 subit
3945 4479 4370 4556 infirmitatis

1344 4595 1687 4671 humanae
1735 4597 2059 4695 cogitatio
2076 4654 2095 4683 ‚
2145 4618 2367 4692 quum
2410 4619 2574 4669 eum
2603 4596 2926 4671 nondum
2962 4596 3332 4671 senectutis
3375 4598 3811 4675 incommoda
3849 4606 4364 4701 exspectantem

1344 4714 1629 4789 adversa
1696 4718 2015 4791 valetudo
2078 4716 2379 4814 coegerit
2434 4742 2723 4803 munus,
2795 4715 2982 4814 quod
3019 4715 3398 4791 duodecim
3455 4742 3671 4793 annos
3714 4721 4054 4818 praeclare
4101 4718 4360 4818 gessit,

1342 4832 1485 4905 iam
1550 4858 1737 4907 nunc
1798 4836 2156 4933 deponere.
2256 4836 2586 4911 Libenter
2647 4837 2842 4912 illum
2909 4836 3299 4911 retinebant
3367 4862 3606 4911 omnes
3628 4895 3647 4926 ,
3729 4839 3850 4936 qui
3913 4838 4064 4913 eius
4135 4860 4360 4911 mores
