4967 6217
1400 690 1527 757 110
2466 650 2558 757 e.
2626 686 2702 757 A.
2769 664 3332 757 assensui:

1490 899 1641 971 Nec
1691 904 1923 971 tamen
1987 896 2085 968 ita
2135 894 2304 967 haec
2354 901 2633 994 accepta
2702 895 2905 970 velim
2925 950 2945 985 ‚
3015 918 3096 969 ac
3163 894 3225 967 si
3294 888 3557 991 publici
3618 891 4085 962 Bnuuounnn
4141 886 4406 961 labores

1390 1015 1505 1090 hic
1541 1014 1733 1114 parvi
1770 1014 2026 1088 fuerint
2066 1013 2442 1101 momenti,
2492 1013 2600 1088 vel
2628 1015 2828 1113 quasi
2863 1014 3006 1089 fere
3037 1013 3101 1087 ei
3141 1010 3438 1087 defuerit
3471 1007 3736 1083 occasio
3777 1007 4040 1083 scholas
4081 1005 4404 1081 habendi.

1388 1134 1737 1209 Nimirum
1798 1158 1940 1207 non
1990 1132 2212 1207 solum
2276 1134 2664 1209 matheseos
2725 1134 2848 1209 sed
2895 1134 3106 1208 etiam
3163 1128 3632 1231 philosophiae
3689 1125 4023 1226 professio
4071 1123 4174 1198 illi
4215 1146 4408 1198 man-

1390 1254 1551 1327 data
1607 1259 1773 1327 erat.
1874 1254 2037 1351 Ipse
2094 1252 2376 1327 biennio
2439 1262 2812 1351 postquam
2874 1252 3013 1327 huc
3083 1252 3528 1350 migraverat,
3595 1251 3830 1321 narrat
3897 1242 4209 1342 quotidie
4277 1242 4412 1317 sibi

1391 1373 1476 1447 de
1531 1372 1640 1447 his
1690 1372 2070 1471 disciplinis
2112 1380 2253 1445 tres
2318 1372 2428 1446 vel
2483 1371 2717 1470 plures
2778 1370 3100 1447 lectiones
3149 1368 3504 1445 habendas
3563 1366 3813 1455 fuisse,
3881 1370 3954 1439 et
4003 1352 4118 1437 vix
4183 1368 4413 1438 tantos

1388 1491 1652 1567 labores
1698 1491 1874 1565 ferre
1922 1516 1995 1565 se
2042 1491 2371 1589 potuisse.

1487 1610 1720 1689 Quam
1786 1609 2257 1709 philosophiae
2337 1618 2606 1708 partem
2682 1608 2988 1708 primum
3070 1608 3379 1686 docuerit
3398 1664 3418 1694 ‚
3494 1606 3610 1680 vix
3681 1612 3868 1681 certo
3939 1604 4099 1679 licet
4165 1601 4407 1678 dicere.

1388 1733 1700 1805 Fuerunt
1776 1754 1857 1803 eo
1924 1716 2231 1827 tempore
2294 1736 2435 1803 tres
2503 1728 2917 1828 professores
2986 1726 3454 1826 philosophiae
3473 1781 3494 1813 ‚
3567 1748 3865 1823 quorum
3935 1722 4228 1821 singulis
4245 1781 4266 1812 ,
4335 1730 4414 1795 ut

1388 1850 1479 1925 ad
1528 1849 2059 1924 aemulationem
2116 1847 2596 1935 incitarentur,
2649 1847 3038 1922 academiae
3095 1853 3442 1921 curatores
3491 1850 3965 1921 concesserant
4025 1842 4406 1917 libertatem

1396 2000 1431 2037 n
1448 1969 1671 2044 omnis
1715 1969 1985 2067 generis
2032 1970 2297 2067 privata
2344 1968 2634 2066 collegia
2681 1974 2754 2041 et
2799 1966 3120 2041 exercitia
3165 1963 3634 2064 philosophica
3680 1962 4166 2037 instituendi.”

1486 2088 1939 2163 Memorabile
1998 2088 2303 2187 profecto
2362 2088 2716 2161 decretum
2736 2144 2756 2174 ,
2830 2086 3326 2159 documentum
3373 2084 3646 2183 insigne
3692 2080 4120 2157 liberalitatis
4139 2138 4161 2168 ,
4210 2106 4414 2180 quam

1391 2208 1479 2280 ab
1534 2208 1686 2281 istis
1744 2207 2171 2305 temporibus
2226 2207 2341 2281 vix
2389 2203 2906 2304 exspectaveris.
3033 2204 3172 2279 Sed
3217 2204 3324 2278 vel
3375 2203 3598 2302 magis
3647 2201 4078 2277 curatoribus
4135 2209 4208 2275 et
4265 2225 4418 2300 pro-

1386 2326 1647 2399 vinciae
1722 2324 2105 2399 Ordinibus
2157 2325 2401 2399 honori
2465 2324 2599 2398 fuit
2620 2382 2640 2412 ‚
2711 2350 2827 2398 eos
2903 2323 3094 2399 brevi
3164 2331 3322 2422 post
3385 2322 3869 2396 Bnauounmo
3937 2320 4238 2395 officium
4265 2320 4414 2395 'de-

1386 2444 1626 2518 tulisse
1676 2446 2175 2541 philosophiam
2236 2447 2820 2541 eaperimentalem
2888 2444 3220 2532 docendi,
3289 2444 3338 2519 i.
3396 2467 3456 2517 e.
3525 2440 3881 2540 physicam
3937 2440 4416 2539 experimentis

1382 2563 1833 2651 illustratam
1903 2586 2115 2661 quem
2156 2563 2232 2637 in
2280 2564 2494 2637 finem
2555 2562 2822 2638 liberali
2865 2587 3085 2638 manu
3126 2563 3192 2637 ei
3229 2568 3714 2638 concesserunt
3757 2561 4016 2660 quibus
4063 2560 4416 2661 indigebat

1384 2682 1713 2758 subsidia.
1862 2748 1873 2757 .
2541 2730 2557 2741 ·

1484 2800 1717 2875 Antea
1782 2798 1953 2875 haec
2006 2800 2369 2901 disciplina
2431 2812 2579 2878 erat
2637 2804 3010 2903 incognita.
3110 2802 3470 2878 Institutio
3528 2801 3816 2903 physica
3878 2808 4025 2877 erat
4087 2798 4416 2878 enarratio

1386 2919 2019 3019 phaenomenorum
2046 2927 2136 2994 ‘et
2182 2922 2485 2997 maxime
2534 2924 2912 3022 disputatio
2965 2924 3054 2997 de
3105 2948 3344 2999 eorum
3395 2924 3641 2999 causis.
3742 2922 4166 2997 Testimonia
4211 2920 4420 3021 scrip-

1388 3047 1619 3113 torum
1664 3038 2163 3128 afferebantur,
2214 3040 2365 3140 ipsa
2411 3050 2661 3118 natura
2707 3044 2780 3117 in
2827 3042 3075 3118 scholis
3121 3067 3263 3117 non
3321 3042 3893 3143 interrogabatur.
3993 3041 4133 3115 Sed
4190 3040 4282 3115 ab
4339 3064 4422 3115 eo

1395 3160 1561 3233 inde
1602 3166 1909 3257 tempore
1944 3158 2019 3234 in
2058 3160 2187 3235 hac
2226 3160 2578 3236 academia
2613 3172 2900 3238 naturae
2933 3163 3408 3262 phaenomena
3452 3162 4094 3239 demonstrabantur
4143 3184 4414 3233 eorum·

1405 3305 1543 3379 que
1590 3280 1779 3379 leges
1832 3281 1919 3354 de
1974 3279 2460 3380 experimentis
2509 3281 3030 3357 deducebantur
3044 3340 3066 3371 ‚
3129 3290 3312 3356 certe
3373 3282 3856 3381 experimentis
3897 3278 4420 3355 declarabantur

1396 3407 1466 3473 et
1508 3400 2091 3475 confirmabantur
2104 3434 2122 3489 3
2170 3402 2359 3499 quod
2396 3408 2692 3498 quantos
2729 3400 2998 3475 fructus
3042 3400 3423 3475 necessario
3459 3400 3725 3476 adferre
3769 3399 4081 3475 debuerit
4117 3398 4426 3472 interiori

1395 3526 1681 3595 naturae
1730 3520 2145 3619 cognitioni,
2192 3546 2335 3595 non
2382 3528 2490 3595 est
2547 3520 2736 3618 quod
2792 3519 3040 3594 dicam.
3139 3520 3358 3619 Angli
3397 3520 3724 3596 honorem
3768 3518 3978 3594 huius
4023 3518 4426 3593 emendatae

1400 3635 1859 3713 institutionis
1932 3639 2254 3737 physicae
2330 3639 2715 3714 adscribere
2785 3639 3006 3713 solent
3081 3640 3404 3714 Kmnmo
3471 3665 3630 3729 suo,
3698 3664 3921 3740 quum
3969 3638 4419 3723 contendant,

1397 3758 1583 3832 hunc
1661 3756 1966 3854 primum
2036 3756 2226 3832 illam
2296 3758 2708 3865 methodum
2780 3782 2962 3832 anno
3037 3766 3283 3858 quarto
3361 3760 3690 3857 quintove
3765 3759 3982 3834 seculi
4059 3756 4416 3857 superioris

1401 3874 1711 3949 Oxoniae
1753 3875 2249 3966 introduxisse;
2300 3878 2426 3953 sed
2464 3880 2987 3954 Baunounnms
3009 3937 3029 3967 ‚
3079 3885 3160 3953 ut
3196 3878 3537 3968 vidimus,
3585 3904 3668 3954 eo
3709 3887 4018 3979 tempore
4059 3877 4196 3953 iam
4221 3871 4416 3950 annis

1362 4000 1665 4093 -septem
1715 3993 1821 4069 vel
1868 4002 2021 4070 octo
2068 4004 2229 4069 ante
2276 3996 2405 4071 hac
2452 3996 2526 4070 in
2573 4020 2648 4069 re
2695 3997 2956 4095 praeire
3008 4004 3342 4096 coeperat.

1493 4113 1606 4187 Ne
1652 4113 1913 4212 putetis
1960 4122 2192 4188 tamen
2236 4115 2548 4203 laudem,
2598 4140 2810 4213 quam
2857 4116 2921 4189 ei
2966 4116 3344 4192 tribuimus
3363 4176 3383 4207 ‚
3430 4126 3614 4194 recte
3666 4117 4023 4218 physicam
4089 4114 4419 4201 docendi,

1401 4230 1464 4308 ei
1504 4232 1820 4307 unanimi
1852 4232 2105 4307 civium
2142 4257 2424 4340 suorum
2468 4250 2806 4309 consensu
2837 4242 3006 4309 tunc
3041 4235 3254 4311 fuisse
3292 4236 3622 4315 habitam.
3717 4240 3936 4313 Erant
3977 4236 4101 4335 qui
4135 4234 4420 4309 moleste

1400 4350 1656 4427 ferrent
1701 4378 1913 4429 novas
1956 4354 2109 4428 illas
2152 4354 2417 4429 scholas
2439 4412 2459 4443 ‚
2509 4354 2633 4452 qui
2674 4352 3176 4453 philosophiam
3222 4356 3826 4455 experimentalem
3869 4382 4029 4433 cum
4069 4360 4422 4431 contemtu

1412 4473 1811 4568 sapientiam
1857 4482 2177 4548 vocarent
2225 4476 2656 4561 theatralem-3
2705 4497 2834 4548 nec
2873 4473 3191 4563 deerant,
3233 4474 3355 4574 qui
3403 4501 3567 4551 eum
3611 4484 4008 4553 accusarent
4051 4472 4385 4573 sacrilegii
4402 4529 4423 4560 ,

1409 4590 1575 4686 quia
1620 4590 1692 4665 in
1734 4594 1993 4693 templo
2010 4652 2028 4681 ‚
2078 4593 2215 4668 Dei
2260 4593 2480 4669 cultui
2527 4594 2868 4669 destinato
2883 4652 2902 4683 ‚
2951 4618 3062 4668 res
3107 4596 3425 4694 physicas
3477 4596 3944 4673 demonstrare
4001 4595 4284 4670 solebat.
4379 4672 4388 4681 ,

1502 4709 1774 4807 Nempe
1822 4712 1894 4783 in
1942 4710 2146 4786 choro
2188 4713 2464 4813 templi,
2516 4720 2684 4789 tunc
2735 4714 3066 4814 temporis
3109 4715 3524 4806 academici,
3593 4716 3718 4791 ubi
3776 4716 4042 4815 reliqua
4101 4708 4426 4788 exercitia

1404 4827 1793 4903 academica
1859 4828 2098 4905 haberi
2176 4834 2522 4924 solebant,
2597 4835 2874 4935 publice
2945 4842 3017 4910 et
3093 4834 3488 4913 solemniter
3559 4837 4026 4937 experimenta
4097 4829 4422 4909 instituit.
