4967 6217
1395 644 1480 711 22
2372 644 2699 711 NICOLAI
2744 644 3207 713 CHRISTIANI
3250 643 3441 709 KIST

1397 857 1556 926 ante
1608 849 1918 925 seculum
1967 848 2108 923 fere
2127 908 2146 937 ‚
2198 875 2283 923 ex
2345 850 2474 925 hac
2516 852 2669 950 ipsa
2715 853 3061 927 Cathedra
3111 850 3439 925 Oratione
3488 846 3725 921 habita
3770 842 4150 930 Rectorali·‚
4222 872 4257 912 a
4276 850 4417 919 tam
4456 872 4469 883 ·

1393 971 1649 1044 multa''
1693 976 2092 1067 quereretur
2110 1028 2129 1057 ‚
2173 972 2289 1043 nin
2305 974 2414 1043 aui
2445 974 2763 1067 temporis
2786 973 3142 1070 Tkeoloyin
3154 973 3373 1067 plane
3402 970 3610 1040 nimia
3642 967 3873 1049 e88e;’'
3907 988 4033 1037 nec
4070 964 4195 1036 diu
4223 971 4414 1061 post,

1395 1089 1792 1163 liberalioris
1847 1089 1962 1162 ille
2019 1087 2284 1188 ingenii
2341 1089 2706 1163 Ewannus
2764 1089 3257 1177 Hoffmann,
3328 1080 3767 1184 111½e0l0yum
3808 1108 3937 1157 non
3988 1085 4417 1157 orthodooenm

1395 1210 1530 1279 mhi
1569 1232 1724 1279 vere
1751 1208 1948 1303 pium
1997 1208 2221 1294 esse,''
2273 1182 2360 1279 e‘x
2402 1206 2532 1280 hoc
2568 1207 2721 1304 ipso
2771 1208 2917 1282 loco
2962 1216 3289 1307 moneret.
3393 1205 3901 1305 Superfuerunt
3948 1201 4120 1276 adeo
4168 1226 4257 1275 ex
4296 1200 4417 1275 illo

1396 1334 1700 1423 tempore
1765 1324 2096 1399 memoria
2161 1325 2393 1399 nostra
2453 1326 2785 1425 Theologi
2807 1384 2827 1414 ‚
2897 1326 3207 1400 doctrina
3279 1352 3359 1401 ac
3426 1327 3681 1424 pietate
3742 1323 4051 1397 omnium
4118 1322 4423 1395 maxime

1393 1446 1554 1519 clari
1573 1504 1590 1532 ,
1641 1450 1714 1518 at
1763 1446 2174 1543 Theologiae
2192 1503 2210 1532 ‚
2259 1444 2334 1517 in
2385 1470 2524 1541 qua
2566 1469 2689 1542 per
2732 1446 3104 1520 maximam
3146 1446 3327 1519 vitae
3369 1470 3531 1519 suae
3579 1451 3843 1544 partem
3882 1441 4421 1527 desudaverant,

1393 1565 1491 1639 ita
1539 1564 1766 1637 taedio
1819 1563 2038 1662 capti,
2091 1572 2170 1636 ut
2225 1563 2559 1661 quicquid
2604 1566 2865 1638 aeterni
2918 1565 3205 1662 quidem
3258 1564 3461 1663 pretii
3522 1564 3623 1637 illi
3684 1562 3979 1648 inesset,
4046 1559 4121 1632 id
4178 1560 4285 1634 vel
4342 1559 4417 1631 in

1394 1684 1578 1756 oboli
1628 1682 1984 1780 superficie
2033 1683 2370 1757 conscribi
2416 1709 2617 1782 posse
2664 1684 2965 1782 ingenue
3010 1684 3409 1757 faterentur.

1491 1802 1689 1881 Quid
1733 1802 1984 1875 mirum
2035 1803 2250 1900 igitur
2272 1862 2292 1889 ,
2343 1802 2403 1875 si
2451 1804 2691 1876 multis
2736 1804 3034 1877 ludibrio
3084 1804 3323 1876 haberi
3376 1801 3804 1899 temporibus
3848 1800 4001 1873 istis
4047 1795 4422 1895 Theologia

1395 1921 1690 2019 coeperit
1711 1978 1731 2007 ,
1802 1945 2028 2018 neque
2087 1930 2364 1995 tantum
2423 1922 2813 1996 Catholicos
2876 1924 3059 1995 inter
3078 1981 3095 2008 ‚
3164 1922 3288 1995 sed
3338 1946 3497 1995 vero
3550 1929 3620 1995 et
3664 1923 4168 2005 ProtestanteS,
4230 1917 4420 2014 quod

1397 2040 1774 2113 aberrantis
1831 2041 2174 2115 Ecclesiae
2235 2048 2306 2113 et
2364 2041 2775 2139 Theologiae
2830 2049 3007 2127 erat,
3070 2041 3201 2115 hoc
3266 2039 3401 2138 ipsi
3458 2040 3805 2139 Religioni
3860 2040 3999 2113 iam
4048 2038 4215 2111 vitio
4276 2060 4423 2111 ver-

1394 2166 1672 2234 teretur.

1453 2302 1462 2311 ·
1495 2279 1804 2381 Novistis
1839 2280 1927 2353 A.
1950 2280 2038 2353 A.
2081 2281 2312 2377 qualia
2353 2288 2523 2355 tunc
2542 2341 2559 2368 ‚
2612 2282 2843 2355 seculo
2879 2288 3206 2368 exeunte,
3252 2286 3487 2353 secuta
3524 2278 3663 2351 sint
3699 2285 4028 2375 tempora.
4104 2276 4427 2351 Turbatis

1401 2397 1730 2471 nimirum
1789 2424 1912 2495 per
1964 2401 2352 2474 universam
2411 2402 2555 2475 fere
2616 2404 2969 2499 Europam
3030 2401 3371 2475 Ecclesiae
3424 2400 3679 2497 pariter
3726 2407 3933 2495 atque
3979 2397 4431 2494 Reipublicae

1397 2516 1604 2589 rebus
1627 2574 1648 2604 ‚
1697 2517 1886 2614 ipsa,
1938 2527 2164 2615 spreta
2208 2520 2447 2593 multis
2469 2578 2489 2605 ,
2542 2518 2774 2593 divina
2819 2520 3091 2617 Religio
3138 2521 3275 2613 iam
3328 2518 3543 2591 videri
3589 2527 3855 2615 poterat
3893 2518 4279 2615 periclitari.

1493 2636 1674 2709 Ecce
1727 2659 1920 2739 vero,
1969 2662 2410 2711 communem
2452 2639 2629 2713 hanc
2671 2628 3082 2737 populorum
3135 2638 3481 2711 miseriam
3523 2638 3857 2735 optimam
3896 2636 3981 2709 iis
4019 2636 4427 2710 medicinam

1402 2779 1551 2829 esse
1591 2756 1808 2829 voluit
1847 2756 2312 2849 misericordia
2337 2758 2490 2834 Dei.
2600 2760 2760 2831 Non
2796 2759 2942 2831 sine
2990 2760 3263 2831 horrore
3300 2781 3491 2830 nunc
3530 2756 3767 2830 vident
3807 2754 4050 2842 multi,
4100 2780 4427 2853 quorsum

1402 2872 1613 2948 ducat
1659 2876 1790 2949 iste
1839 2900 2071 2949 rerum
2127 2876 2517 2950 divinarum
2564 2886 2973 2953 contemtus,
3084 2880 3455 2973 Quemque
3512 2876 3840 2973 temporis
3884 2876 4246 2949 infelicitas
4292 2875 4434 2949 iam

1403 2994 1852 3082 excitaverat,
1901 2996 2284 3093 Religionis
2329 2997 2753 3095 indigentiae
2806 3024 3051 3072 sensus
3080 3056 3099 3084 ‚
3149 2998 3334 3071 hunc
3384 2995 3693 3069 redditae
3736 2995 4008 3093 populis
4048 2996 4183 3068 Dei
4227 2996 4435 3069 bene·

1401 3113 1556 3187 ficio
1602 3139 1745 3212 pax
1787 3124 1857 3188 et
1907 3116 2234 3189 securitas
2283 3118 2456 3190 mire
2506 3126 2765 3215 augent
2816 3126 3024 3214 atque
3074 3119 3499 3191 confirmant.
4220 3116 4227 3119 ’

1497 3234 1593 3307 Ε1
1671 3234 1768 3307 810
1834 3235 2069 3309 nostra
2132 3235 2416 3333 quidem
2477 3238 2805 3311 memoria
2838 3314 2843 3319 .
2876 3237 3258 3337 Religionis
3321 3234 3527 3309 rediit
3594 3232 3987 3331 Christique
4064 3232 4433 3330 Euangelii

1411 3376 1622 3427 amor.
1721 3356 1808 3427 In
1873 3354 2224 3453 integrum
2268 3357 2729 3431 restituuntur
2790 3357 3012 3431 multa
3032 3416 3051 3444 ,
3102 3380 3279 3455 quae
3334 3354 3662 3452 temporis
3714 3352 3959 3425 iniuria
4004 3352 4391 3425 ceciderant
4412 3409 4430 3439 ‚

1407 3471 1728 3546 instituta
1777 3474 2142 3550 Ecclesiae.
2268 3477 2386 3550 Ad
2445 3476 2657 3563 hanc,
2716 3484 3078 3573 tamquam
3134 3476 3225 3549 ad
3284 3474 3527 3548 salutis
3575 3481 3887 3572 portum,
3954 3470 4204 3544 defessi
4246 3494 4437 3543 nune

1414 3591 1824 3688 confugiunt
1881 3596 2140 3690 populi.
2240 3598 2484 3687 Novus
2540 3594 2713 3667 adeo
2772 3595 3198 3668 Christianos
3256 3595 3437 3667 alere
3492 3593 3684 3667 intus
3741 3602 3811 3666 et
3861 3592 4121 3691 agitare
4169 3591 4442 3664 videtur

1413 3707 1611 3804 isque
1669 3707 1962 3782 divinior
2020 3710 2320 3809 spiritus.
2425 3712 2703 3785 Revixit
2760 3710 3139 3785 innumeris
3198 3712 3392 3786 fides.
3490 3712 3760 3788 Literae
3820 3712 4065 3785 Sacrae
4123 3710 4435 3784 omnium

1419 3826 1759 3923 expetitae
1821 3829 2068 3902 studiis
2123 3832 2388 3907 florent.
2486 3832 2803 3905 Libertas
2854 3832 3006 3931 ipsa
3054 3832 3402 3906 meliorem
3443 3824 3825 3931 Religionis
3874 3830 4189 3905 notitiam
4235 3830 4438 3904 fovet.

1417 3947 1866 4046 Theologicae
1951 3932 2184 4025 autem
2253 3952 2653 4050 disciplinae
2740 3952 2836 4024 sic
2906 3959 3285 4025 ceterarum
3353 3953 3482 4026 hoc
3547 3960 3853 4049 tempore
3923 3950 4439 4049 disciplinarum

1416 4066 1741 4141 felicitate
1802 4069 2212 4168 auxiliisque
2267 4073 2597 4147 fruuntur
2615 4131 2634 4159 ‚
2700 4080 2783 4145 ut
2838 4096 3075 4145 earum
3123 4073 3315 4159 nulla
3364 4072 3503 4146 iam
3547 4072 3674 4157 sit,
3724 4070 3923 4144 cuius
3973 4096 4111 4143 non
4158 4069 4438 4142 ubertas

1420 4210 1498 4261 ac
1537 4187 1898 4284 plenitudo
1949 4188 2346 4287 longissime
2393 4198 2672 4289 superet
2712 4190 3043 4288 quicquid
3089 4191 3451 4288 praeterita
3488 4191 3771 4264 tulerint
3810 4190 4154 4264 Ecclesiae
4190 4188 4437 4262 secula.

1517 4306 1803 4381 Utinam
1859 4332 2018 4382 vero
2037 4367 2057 4396 ,
2127 4335 2304 4406 quae
2368 4311 2465 4384 sic
2521 4292 2912 4383 revixerunt
2968 4302 3354 4383 divinarum
3415 4336 3647 4384 rerum
3710 4334 3902 4384 amor
3954 4335 4033 4382 ac
4094 4309 4403 4381 studium
4421 4365 4440 4393 ‚

1421 4423 1524 4495 nil
1568 4425 1702 4497 nisi
1754 4428 1942 4524 quod
1984 4428 2152 4528 ipsis
2195 4429 2270 4503 in
2317 4430 2595 4504 lau'dem
2638 4436 2942 4503 vertatur
2960 4488 2979 4516 ‚
3029 4428 3229 4502 nobis
3277 4437 3439 4504 ante
3494 4431 3727 4504 oculos
3782 4435 4136 4527 ponerent.
4238 4426 4443 4499 Unde

1421 4550 1656 4616 tamen
1717 4570 1932 4642 quam
2000 4551 2240 4646 procul
2309 4551 2532 4638 absit,
2605 4550 2681 4623 id
2744 4548 3047 4648 profecto
3118 4574 3383 4648 aequus
3453 4576 3533 4625 ac
3607 4536 3901 4648 diligens
3967 4550 4261 4647 quisque
4336 4545 4491 4619 sui

1427 4662 1756 4758 temporis
1813 4664 2203 4741 observator
2259 4693 2398 4743 non
2461 4669 2609 4743 sine
2670 4669 2901 4743 dolore
2964 4668 3313 4743 fatebitur.
3438 4669 3635 4748 Quid
3654 4673 3689 4744 P
3762 4670 3950 4767 quod
4014 4670 4302 4766 longum
4358 4664 4451 4738 sit

1425 4806 1824 4857 enumerare
1882 4784 2190 4882 singulas
2251 4812 2506 4887 easque
2555 4788 3049 4864 diversissimas
3104 4788 3387 4876 formas,
3437 4790 3695 4887 quibus
3748 4788 4217 4874 sanctissimae
4257 4784 4446 4859 Reli·
