4967 6217
1434 702 1517 767 12
2404 690 2736 763 nicom
2777 690 3210 761 cumarum
3211 694 3244 759 1
3285 688 3476 761 ns‘r

1432 928 1597 981 eum
1656 901 2233 1003 benignissimum
2288 900 2576 977 Patrem
2643 906 3076 977 monstraret.
3125 942 3230 961 -—
3291 900 3544 973 R'lium
3591 894 3766 971 Dei.
3789 918 3862 969 se
3921 891 4136 982 dixit,
4183 918 4324 969 non
4371 902 4460 971 ut

1433 1048 1627 1099 suam
1640 1080 1663 1111 ,
1726 1022 2096 1098 sublimem
2162 1020 2351 1097 illam
2372 1078 2394 1110 ,
2457 1044 2620 1095 cum
2663 1020 2870 1096 Patre
2910 1018 3468 1095 coniunctionem
3515 1012 3752 1091 rimari
3803 1036 3930 1089 nos
3971 1020 4282 1113 cogeret,
4331 1014 4463 1089 sed

1432 1148 1513 1217 ut
1562 1166 1689 1216 nos
1730 1166 2007 1243 quoque
2056 1166 2181 1241 per
2218 1164 2383 1215 eum
2424 1164 2576 1217 esse
2620 1164 2824 1237 posse
2837 1141 3036 1237 filios
3073 1140 3218 1213 Dei
3257 1136 3550 1211 doceret.
3599 1174 3702 1195 -
3747 1132 4334 1207 Resurrectionem
4381 1156 4462 1205 ee

1428 1262 1763 1362 vitamque
1824 1260 2177 1363 probavit,
2252 1282 2395 1333 non
2452 1266 2535 1332 ut
2591 1258 2982 1333 futurarum
3049 1280 3282 1333 rerum
3339 1264 3598 1331 certam
3657 1252 3858 1329 nobis
3929 1251 4460 1351 absolutamque

1428 1379 1749 1455 notitiam
1791 1380 2207 1479 impertiret,
2244 1376 2367 1452 sed
2398 1382 2483 1451 ut
2519 1374 2700 1449 vitae
2735 1372 3046 1451 coelestis
3079 1398 3206 1447 nos
3241 1397 3362 1473 spe
3397 1378 3468 1447 et
3505 1370 3978 1471 expectatione
4009 1370 4334 1445 firmaret.
4355 1414 4464 1430 —

1426 1498 1605 1572 nde
1677 1520 1805 1571 nos
1880 1520 2044 1570 eum
2108 1493 2431 1593 amplecti
2489 1490 2747 1580 voluit,
2811 1516 2952 1566 non
3009 1498 3090 1565 ut
3157 1488 3366 1590 longa
3433 1488 3606 1565 serie
3663 1496 3850 1564 certa
3912 1488 4290 1587 quaedam,
4341 1488 4458 1563 vix

1300 1692 1303 1697 .
1427 1614 1891 1713 intelligibilia
1910 1672 1930 1703 ,
1992 1612 2194 1689 nobis
2252 1609 2593 1687 credenda
2646 1609 3039 1709 iniungeret
3101 1608 3590 1685 Doctrinarum
3649 1614 3860 1707 atque
3915 1606 4115 1683 Fidei
4169 1606 4416 1707 Capita
4433 1666 4458 1697 ,

1430 1733 1553 1809 sed
1600 1739 1683 1807 ut
1728 1758 1857 1809 nos
1903 1734 2093 1833 ipsos
2140 1756 2383 1809 omnes
2426 1730 2740 1808 addictos
2789 1729 2924 1805 sibi
2968 1754 3050 1805 ac
3095 1727 3688 1805 coniunctissimos
3735 1726 4072 1803 redderet.

1524 1972 1685 2047 Hac
1768 1978 2007 2047 autem
2088 1972 2201 2047 via
2279 1976 2725 2073 praeeuntem
2807 1968 3192 2045 Dominum
3267 1966 3488 2041 secuti
3551 1970 3716 2041 sunt
3783 1962 3936 2039 eius
3999 1964 4322 2064 discipuli
4387 1973 4460 2041 et

1430 2088 1768 2189 Apostoli.
1800 2132 1897 2147 —-·
1926 2091 2037 2166 De
2076 2088 2319 2164 ceteris
2356 2086 2672 2187 quidem,
2721 2110 2810 2159 ex
2841 2085 3060 2184 ipsius
3096 2084 3456 2183 disciplina
3483 2084 3801 2183 profectis
3819 2142 3840 2173 ,
3887 2084 4176 2159 novistis
4209 2086 4299 2160 A.
4329 2088 4418 2161 A.
4438 2145 4457 2175 ‚

1433 2232 1645 2307 quam
1702 2206 1937 2282 nativa
1997 2208 2261 2283 ratione
2275 2264 2297 2297 ,
2371 2230 2790 2303 omnemque
2851 2210 3239 2279 aversantes
3305 2202 3760 2277 subtilitatem
3825 2203 4286 2303 dogmaticam
4301 2262 4324 2292 ,
4385 2204 4462 2279 hi

1430 2326 1815 2426 simplicem
1872 2326 2066 2402 illam
2126 2326 2443 2425 vitaeque
2505 2322 3090 2401 accommodatam
3153 2322 3413 2396 Christi
3475 2321 3984 2397 institutionem
4053 2322 4128 2397 in
4191 2322 4460 2422 scriptis

1430 2446 1575 2521 suis
1612 2446 1870 2546 singuli
1908 2445 2243 2533 referant,
2272 2444 2373 2519 ita
2408 2448 2492 2518 ut
2525 2442 2771 2517 eodem
2803 2440 2954 2517 iure
3007 2440 3424 2541 nApostolus
3458 2440 3756 2517 amoris''
3793 2440 4176 2531 Iohannes,
4223 2442 4460 2544 ''spei”
4535 2512 4544 2519 .

1422 2565 1673 2641 Petrus
1691 2621 1713 2654 ,
1788 2596 1825 2635 ιι
1842 2566 2021 2641 vitae
2072 2564 2377 2664 probae’'
2426 2561 2726 2659 Iacobus
2771 2560 3078 2653 dicatur,
3128 2585 3270 2661 quo
3322 2560 3496 2637 solet
3563 2590 3600 2633 n
3615 2560 3782 2637 fidei
3825 2560 4252 2661 Apostolus”
4305 2560 4450 2639 fere

1426 2682 1691 2758 Paulus
1738 2681 2000 2756 audire.

1533 2800 1636 2875 At
1664 2824 1825 2875 vero
1858 2800 2047 2875 hunc
2078 2800 2395 2875 Panum
2411 2856 2433 2889 ,
2478 2798 2850 2899 multiplici
2879 2800 3298 2877 Iudaeorum
3333 2800 3476 2875 imo
3507 2808 3578 2876 et
3615 2802 4036 2877 Graecorum
4073 2798 4456 2876 eruditione

1428 2918 1785 2995 imbutum
1807 2976 1829 3009 ,
1882 2960 1981 2977 —-
2002 2984 2007 2988 .
2031 2918 2219 2993 hunc
2273 2917 2375 2993 ita
2436 2918 2859 2994 didacticum
2877 2977 2898 3008 ,
2963 2918 3066 2994 ita
3111 2918 3580 3019 dogmaticum
3600 2978 3622 3011 ,
3669 2926 3754 2997 ut
3801 2919 4216 3019 Theologiae
4261 2920 4460 2997 Chri-

1430 3026 1693 3115 stianae
1748 3062 1936 3113 unus
1997 3036 2139 3113 fere
2210 3035 2424 3113 soleat
2483 3045 2682 3138 pater
2739 3046 2951 3137 atque
3012 3046 3250 3114 auctor
3301 3038 3540 3113 haberi
3553 3096 3573 3127 ,
3621 3082 3720 3098 -
3775 3038 3963 3115 hunc
4029 3039 4246 3139 igitur
4301 3040 4462 3139 quis

1430 3158 1719 3233 fortasse
1786 3157 1972 3233 dicat
2037 3156 2261 3257 prima
2276 3214 2297 3245 ,
2365 3156 2623 3257 quibus
2681 3156 3146 3256 Euangelium
3207 3157 3454 3232 nititur
3470 3215 3492 3247 ,
3541 3158 3876 3259 principia
3925 3156 4024 3232 sic
4081 3157 4458 3234 excussisse

1434 3286 1645 3377 atque
1726 3276 2135 3376 explicuisse
2202 3276 2492 3351 ulterius
2507 3336 2528 3367 ,
2617 3284 2698 3351 ut
2771 3276 3044 3375 Religio
3111 3276 3502 3351 Christiana
3522 3335 3544 3367 ,
3617 3286 3977 3377 tamquam
4041 3302 4128 3351 ex
4189 3277 4460 3378 plebeia

1434 3396 1733 3497 quadam
1799 3396 2237 3497 simplicitate
2254 3456 2275 3487 ‚
2342 3395 2435 3473 ad
2484 3396 2964 3497 philosopham
3031 3396 3483 3473 subtilitatem
3541 3398 4174 3497 plenitudinemque
4233 3396 4456 3472 Theo·

1430 3516 1721 3615 logicam
1736 3574 1756 3603 ,
1806 3516 1959 3614 ipso
2006 3524 2283 3591 auctore
2330 3516 2471 3593 iam
2517 3514 2956 3617 adscendisse
3001 3515 3343 3592 censenda
3391 3517 3501 3593 sit.

1528 3632 1795 3705 Verum
1842 3632 2055 3706 nolite
2098 3634 2187 3707 A.
2236 3633 2325 3707 A.
2376 3658 2419 3707 a
2470 3634 2706 3709 nativa
2751 3660 2830 3709 ac
2873 3658 3059 3708 mere
3110 3636 3408 3734 practica
3459 3637 3826 3735 Euangelii
3867 3634 4304 3737 simplicitate
4359 3638 4456 3711 sic

1434 3751 1871 3861 aberrantem
1942 3750 2357 3849 Apostolum
2444 3751 2636 3827 vobis
2707 3776 3103 3852 proponere.
3221 3752 3535 3829 Profecto
3549 3814 3570 3844 ,
3649 3754 4060 3833 immortalia
4135 3762 4299 3831 sunt
4364 3756 4452 3831 de

1434 3869 1821 3969 Religionis
1886 3869 2195 3945 doctrina
2252 3870 2381 3945 viri
2435 3870 2958 3971 praeclarissimi
3003 3872 3266 3949 merita.
3365 3874 3623 3976 Ecquis
3671 3876 3844 3951 adeo
3893 3884 4031 3966 est,
4083 3876 4208 3975 qui
4243 3900 4450 3976 nega-

1432 3987 1640 4075 verit,
1690 3987 2081 4063 interiorem
2128 4014 2209 4065 ac
2254 3990 2630 4090 pleniorem
2668 3991 3034 4091 Euangelii
3079 3992 3541 4092 cognitionem
3589 3994 3809 4094 ipsius
3845 3996 4146 4071 maxime
4183 3994 4452 4095 scriptis

1434 4105 1721 4195 deberi?
1818 4110 1969 4184 Nec
2012 4117 2245 4184 tamen
2282 4136 2365 4187 eo
2403 4118 2682 4189 auctore
2719 4112 2980 4187 factum
2997 4171 3017 4200 ,
3067 4112 3127 4187 si
3160 4112 3563 4213 Theologia,
3613 4114 3671 4189 si
3714 4139 3824 4189 res
3859 4138 4046 4190 mere
4083 4114 4450 4189 theoretica

1434 4251 1513 4302 ac
1554 4228 2088 4327 contemplativa
2120 4228 2503 4307 innumeris
2520 4288 2542 4321 ,
2589 4232 2806 4307 eheu!
2854 4232 3070 4307 videri
3115 4234 3411 4333 coeperit
3456 4232 3716 4309 Christi
3753 4232 4047 4333 Religio.
4145 4233 4450 4309 Tantum

1432 4344 1593 4421 hinc
1658 4347 1898 4438 abest,
1968 4355 2049 4423 ut
2112 4348 2187 4424 in
2247 4349 2433 4451 ipsa,
2499 4376 2712 4449 quam
2771 4353 2864 4427 ad
2921 4354 3272 4428 Romanos
3337 4352 3606 4452 scripsit
3671 4352 4012 4451 Epistola,
4079 4350 4448 4427 didactices

1432 4487 1857 4563 quamquam
1918 4468 2291 4569 specimine
2351 4454 2628 4546 summo
2642 4529 2663 4560 ,
2711 4495 3024 4545 caussam
3074 4478 3305 4547 tamen
3365 4494 3550 4547 mere
3605 4471 3936 4549 moralem
3985 4476 4316 4571 perpetuo
4377 4478 4448 4544 et

1432 4605 1591 4657 vero
1651 4584 1851 4659 unice
1914 4596 2093 4687 agat.
2196 4591 2674 4691 Quaecunque
2736 4590 2907 4665 adeo
2959 4591 3133 4680 sint,
3191 4590 3300 4667 uti
3351 4590 3424 4665 in
3481 4597 3858 4666 ceterorum
3912 4590 4405 4690 Apostolorum
4424 4647 4444 4676 ,

1434 4700 1532 4777 sic
1598 4702 1673 4777 in
1732 4704 1971 4780 PAum
2022 4708 2289 4809 scriptis
2303 4770 2324 4801 ,
2376 4709 2772 4811 argumenti
2813 4709 3186 4811 dogmatici
3225 4736 3305 4787 ac
3351 4710 3705 4785 theoretici
3745 4711 3890 4787 loca
3907 4768 3927 4799 ‚
3978 4754 4082 4771 --
4126 4732 4208 4783 ea
4255 4706 4407 4782 volo
4423 4766 4444 4796 ,

1429 4845 1609 4921 quae
1652 4820 1727 4899 in
1774 4828 2210 4925 systematica
2252 4830 2623 4933 Theologia
2673 4834 2857 4909 dicta
2899 4833 3180 4909 classica
3228 4839 3300 4907 et
3319 4834 3692 4931 probantia
3741 4830 4072 4921 audiunt,
4117 4870 4216 4887 -
4255 4826 4444 4903 ecce!
