4967 6217
1394 692 1479 755 74
2398 687 2530 753 ·C.
2599 688 2678 753 G.
2749 683 3342 751 OPZOOMER

1394 894 1597 993 phiae
1634 918 1910 993 operam
1945 894 2142 982 dare;
2193 892 2459 967 fructus
2495 892 2885 992 percipietis
2922 890 3338 979 uberrimos;
3387 890 3635 965 rudem
3675 892 3860 966 enim
3898 902 3969 967 et
4005 894 4418 993 indigestam

1396 1014 1909 1112 disciplinarum
1952 1012 2203 1087 molem
2248 1012 2348 1086 ita
2388 1013 2462 1085 in
2507 1037 2754 1112 corpus
2799 1014 3148 1089 redactam
3192 1011 3552 1097 videbitis,
3605 1018 3684 1084 ut
3724 1012 3799 1085 in
3837 1012 4194 1101 omnibus,
4245 1039 4420 1112 quae

1394 1134 1465 1205 in
1508 1132 1823 1205 universo
1866 1132 1995 1205 hoc
2036 1130 2303 1204 mundo
2346 1137 2658 1217 exstant,
2709 1131 2915 1205 unius
2951 1130 3214 1229 primae
3259 1130 3433 1229 legis
3471 1131 3760 1231 imperio
3797 1131 4160 1231 subjectiS,
4213 1134 4420 1208 unius

1394 1250 1599 1325 etiam
1650 1250 1897 1325 mundi
1946 1250 2277 1347 genitoris
2324 1250 2616 1349 vestigia
2659 1259 3052 1349 appareant.

1438 1731 1899 1831 ,Academiae
1966 1730 2251 1804 historia
2314 1730 2554 1829 paucis
2618 1727 3024 1827 exponenda
3081 1734 3224 1815 est3
3293 1728 3566 1827 copiose
3633 1729 3820 1801 enim
3887 1728 3974 1801 de
4041 1752 4124 1801 ea
4196 1729 4418 1805 dicere

1388 1854 1577 1928 haud
1625 1854 1870 1951 placet.
1967 1850 2253 1924 Nemini
2300 1857 2606 1924 vestrum
2645 1858 2921 1948 gratum
2965 1848 3108 1922 fore
3153 1847 3480 1933 arbitror,
3531 1846 3590 1921 si
3635 1848 3910 1945 singula
3957 1855 4308 1923 consectar
4347 1858 4414 1925 et

1388 1973 1704 2070 colligam
1726 2030 1743 2059 ,
1796 1996 1973 2069 quae
2022 1996 2109 2044 ex
2153 1969 2413 2043 muscis
2461 1969 2715 2043 nostris
2769 1967 3190 2067 caeterisque
3241 1967 3582 2066 ejusmodi
3635 1968 4020 2041 studiorum
4067 1969 4418 2067 praesidiis

1388 2090 1567 2165 elata
1613 2116 1928 2189 quaeque
1973 2091 2049 2163 in
2096 2114 2177 2163 ea
2217 2090 2488 2164 invecta
2529 2096 2714 2164 sunt.
2817 2089 2974 2162 Hoc
3017 2088 3226 2161 etiam
3267 2111 3486 2174 ann0,
3537 2092 3618 2159 ut
3662 2093 3900 2175 antea,
3950 2086 4408 2163 doctrinarum

1387 2211 1823 2309 explicationi
1877 2210 2287 2296 servierunt3
2338 2210 2623 2282 fuerunt
2683 2216 2919 2283 autem
2971 2208 3116 2282 sine
3178 2206 3436 2305 insigni
3496 2206 3898 2280 accessione.
3997 2208 4108 2281 De
4174 2207 4416 2284 biblio-

1384 2328 1583 2401 theca
1652 2335 1927 2400 tantum
2000 2328 2200 2424 plura
2270 2327 2564 2401 dicenda
2635 2327 2988 2414 videntur3
3063 2325 3322 2424 majora
3393 2324 3581 2400 enim
3650 2324 3897 2431 habuit
3961 2325 4414 2414 incrementa,

1384 2447 1639 2544 quibus
1710 2447 2063 2545 apparuit,
2128 2446 2319 2520 illam
2372 2472 2538 2545 erga
2601 2447 2858 2545 patrias
2921 2447 3302 2520 academias
3359 2446 3834 2519 liberalitatem
3855 2502 3878 2533 ,
3945 2470 4085 2543 qua
4132 2446 4416 2545 majores

1384 2566 1599 2639 nostri
1646 2566 2138 2653 cernebantur,
2186 2566 2631 2639 imminutam
2681 2565 2964 2663 quidem
3011 2590 3140 2639 nec
3195 2573 3430 2639 tamen
3490 2588 3768 2663 prorsus
3818 2564 4194 2639 extinctam
4247 2578 4414 2640 esse:

1382 2686 1797 2782 Accepimus
1862 2684 2043 2757 enim
2116 2685 2204 2758 ab
2276 2666 2705 2783 amplissimo
2763 2686 2906 2757 viro
2926 2744 2944 2772 ,
3012 2684 3210 2783 cujus
3258 2710 3511 2758 nomen
3580 2683 3858 2783 publice
3923 2684 4156 2758 referri
4201 2685 4412 2759 vetuit

1382 2801 1533 2899 ejus
1585 2802 1923 2875 modestia
1941 2860 1961 2889 ,
2010 2802 2325 2876 omnium
2370 2803 2512 2875 fere
2534 2861 2552 2889 ,
2603 2825 2781 2899 quae
2827 2802 2918 2875 ad
2965 2801 3236 2875 fabulas
3276 2803 3634 2878 Plautinas
3683 2810 4039 2900 spectant,
4092 2804 4414 2877 librorum

1382 2942 1629 3018 corpus
1647 2979 1666 3008 ,
1715 2922 1815 2994 ita
1862 2928 1945 2993 ut
1994 2920 2066 2994 in
2134 2921 2261 2995 hac
2322 2922 2708 2995 litterarum
2772 2929 2966 3020 parte
3012 2922 3427 3020 paucissima
3491 2924 3640 2997 sine
3711 2922 3929 2997 dubio
3995 2923 4108 2997 hic
4172 2924 4414 2999 desint.

1383 3040 1711 3114 Ostendit
1767 3041 2019 3115 iterum
2086 3040 2560 3139 acceptissimo
2607 3041 2738 3115 hoc
2784 3065 3069 3115 munere
3123 3041 3528 3118 venerabilis
3587 3042 3701 3117 ille
3759 3042 3970 3140 hujus
4023 3043 4416 3117 academiae

1384 3158 1705 3231 alumnus
1726 3217 1745 3247 ,
1797 3158 2041 3256 quanti
2100 3158 2306 3233 faciat
2366 3162 2736 3265 Musarum
2786 3161 3017 3235 sedem
3044 3218 3065 3249 ‚
3113 3161 3228 3235 eui
3273 3162 3426 3259 ipse
3492 3164 3792 3262 plurima
3853 3170 4128 3261 accepta
4182 3162 4412 3237 refert.

1382 3278 1668 3354 Utinam
1725 3303 1964 3353 omnes
2014 3280 2369 3355 fructuum
2386 3338 2406 3367 ‚
2454 3281 2529 3355 in
2575 3281 2944 3356 academiis
2995 3288 3470 3379 perceptorum
3491 3340 3512 3370 ‚
3561 3281 3736 3357 adeo
3783 3288 4005 3355 essent
4070 3304 4412 3355 memores

1334 3400 1341 3407 '
1382 3404 1453 3471 et
1493 3398 1784 3473 eandem
1824 3400 2115 3498 gratiam
2162 3400 2548 3476 redderent.
2647 3400 2931 3474 Lubens
2973 3400 3160 3474 enim
3204 3402 3565 3489 confiteor,
3615 3401 3996 3475 studiorum
4034 3398 4413 3498 praesidia,

1380 3542 1541 3591 cum
1602 3544 1685 3591 ex
1740 3520 2023 3617 publico
2083 3520 2340 3594 aerario
2399 3521 2516 3594 vix
2580 3526 3056 3594 sustententur
3071 3546 3104 3607 ,·
3160 3521 3582 3618 privatorum
3647 3520 4006 3594 hominum
4064 3519 4286 3606 dona,
4336 3526 4418 3593 ut

1382 3635 1595 3709 vitam
1659 3661 1861 3733 agere
1926 3646 2217 3733 pergant
2269 3663 2427 3712 vere
2496 3639 2766 3711 vitalem
2793 3694 2814 3725 ,
2883 3638 3262 3712 admodum
3328 3638 3736 3715 desiderare.
3838 3638 4052 3716 Quod
4117 3637 4204 3712 ab
4263 3638 4414 3711 aliis

1382 3754 1593 3826 etiam
1655 3764 2093 3852 perspectum
2166 3781 2315 3829 esse
2384 3758 2692 3855 gaude0,
2762 3758 3112 3832 nonnullis
3182 3759 3437 3833 scilicet
3510 3758 3873 3833 ditioribus
3945 3757 4155 3856 hujus
4219 3756 4410 3831 urbis

1380 3872 1647 3945 civibus
1668 3929 1685 3958 ,
1759 3900 2053 3971 quorum
2121 3876 2594 3950 munificentia
2665 3876 2795 3949 tria
2859 3877 3000 3951 fere
3066 3878 3478 3952 florenorum
3543 3878 3761 3953 millia
3819 3878 3920 3951 in·
3958 3876 4410 3951 bibliothecae

1382 4015 1588 4065 usum
1632 3994 1944 4068 contulit.
2043 3997 2317 4070 Gratias
2361 3995 2554 4070 vobis
2597 4020 2728 4093 ago
2781 3995 3243 4085 sincerfimas,
3290 3997 3700 4072 nobilissimi
3752 3996 3912 4071 viril
3967 3997 4026 4069 si
4063 3996 4186 4095 qui
4235 3994 4410 4069 inter

1380 4111 1727 4185 auditores
1768 4138 1957 4185 meos
1993 4115 2267 4189 adestis,
2368 4115 2676 4188 Nomina
2721 4120 2945 4188 vestra
2984 4116 3156 4189 mihi
3199 4116 3550 4215 incognita
3598 4122 3802 4202 sunt,
3850 4124 3979 4189 nec
4023 4140 4104 4189 ea
4149 4138 4408 4189 memo-

1310 4326 1320 4341 ⁰
1378 4228 1516 4303 riae
1557 4230 1822 4303 tradere
1862 4254 2179 4327 possum,
2232 4230 2355 4305 sed
2402 4231 2668 4305 fructus
2713 4257 2991 4321 eorum,
3042 4259 3218 4333 quae
3269 4236 3560 4323 fecistis,
3611 4261 3654 4311 a
3695 4235 4004 4309 studiosa
4045 4235 4408 4333 juventute

1378 4348 1872 4446 percipientur,
1922 4349 2261 4447 quamdiu
2297 4349 2620 4423 litterae
2602 4376 2672 4424 m
2710 4353 2934 4449 patria
2967 4362 3201 4428 nostra
3237 4354 3602 4430 florebunt.
3681 4354 3880 4429 Nihil
3913 4353 4102 4428 aliud
4138 4352 4406 4451 quaesi-

1379 4466 1609 4552 vistis;
1660 4468 1789 4542 hoc
1842 4468 2055 4543 decus
2102 4476 2441 4557 vestrum,
2492 4470 2660 4544 haec
2707 4480 2932 4546 vestra
2977 4472 3127 4546 laus
3177 4473 3266 4547 sit
3312 4475 3502 4572 apud
3545 4475 3888 4573 posteros!

1475 4584 1789 4659 Annus
1768 4612 1842 4660 m
1906 4597 2139 4663 nostro
2188 4590 2614 4688 amplissimo
2665 4600 2949 4679 senatu,
2997 4594 3386 4667 academiae
3447 4594 3814 4668 Curatores
3875 4600 4086 4690 atque
4137 4590 4400 4666 Profes-

1382 4704 1601 4775 sores!
1654 4703 1801 4777 sine
1835 4706 2029 4780 clade
2064 4708 2219 4783 fuit.
2318 4709 2614 4784 Nullum
2652 4711 2994 4809 lugemus.
3093 4712 3392 4786 Senibus
3427 4713 3638 4788 etiam
3674 4715 3823 4789 dira
3856 4736 4040 4786 mors
4078 4709 4404 4809 pepercit.

1384 4821 1584 4893 Unus
1634 4821 1754 4895 HA
1768 4846 2109 4900 annolus
2153 4836 2414 4918 noster,
2482 4855 2694 4928 quem
2763 4856 3000 4907 omnes
3064 4832 3506 4908 observamus
3571 4842 3642 4908 et
3713 4832 4102 4931 diligimus,
4165 4830 4404 4927 iniqua
