4967 6217
1698 730 2399 807 ,ORATIQ
3605 735 3644 799 9

608 939 803 1017 omni
821 940 961 1017 iam
979 938 1429 1041 Dogmaticae
1452 938 1883 1017 Christianae
1902 942 2117 1017 veluti
2135 966 2379 1017 nervos
2400 940 2792 1043 praecidam
2805 999 2826 1031 ,
2848 966 3224 1042 eorumque
3242 940 3604 1017 hominum
3617 998 3638 1029 ,

612 1059 672 1133 si
712 1061 841 1135 Dis
882 1060 1145 1161 placet,
1196 1059 1743 1135 Christianorum
1784 1060 2143 1134 audaciam
2184 1066 2382 1135 tuear
2422 1084 2503 1134 ac
2541 1059 2890 1134 levitatem
2905 1116 2926 1147 ,
2978 1059 3132 1157 qui,
3182 1059 3358 1157 quid
3407 1056 3642 1133 credat

607 1179 764 1276 quis
783 1237 804 1268 ,
854 1186 977 1254 aut
1018 1177 1192 1277 quid
1232 1202 1473 1252 verum
1514 1177 1965 1275 divinumque
2002 1177 2255 1251 habeat
2269 1235 2289 1265 ,
2339 1178 2549 1253 modo
2591 1178 2770 1252 bene
2812 1176 2872 1251 si
2911 1178 3094 1252 vi'vat
3109 1237 3130 1267 ,
3179 1178 3355 1253 nihil
3392 1176 3640 1252 referre

606 1298 1026 1373 contendant
1086 1298 1391 1371 temere?
1484 1294 1831 1383 Profect0,
1893 1302 2063 1369 tunc
2119 1296 2403 1371 demum
2458 1303 2644 1369 recte
2701 1296 2779 1369 id
2839 1297 3318 1395 sapienterque
3369 1296 3639 1371 dictum

604 1416 955 1491 laudarem
972 1474 993 1504 ,
1064 1415 1123 1489 si
1182 1421 1307 1489 aut
1360 1413 1625 1513 absque
1679 1412 2132 1489 fundamento
2191 1438 2340 1489 esse
2399 1413 2792 1489 aedificium
2837 1422 3110 1514 posset,
3175 1421 3299 1489 aut
3343 1412 3636 1488 stolidus

601 1532 748 1622 ille,
801 1559 1009 1633 quem
1044 1533 1343 1607 Divinus
1382 1534 1699 1608 Servator
1733 1532 2022 1607 domum
2058 1556 2257 1607 suam
2290 1531 2769 1607 aedificantem
2801 1556 3010 1631 super
3045 1555 3326 1607 arenam
3355 1532 3519 1607 facit
3543 1533 3632 1623 ¹),

601 1658 781 1725 esset
827 1651 1127 1725 maxime
1170 1650 1443 1751 sapiens
1487 1648 1845 1723 dicendus.
1942 1648 2045 1724 At
2086 1673 2245 1723 vero
2262 1708 2283 1739 ,
2344 1648 2419 1722 in
2473 1673 2714 1725 eorum
2760 1651 3070 1751 ipsorum
3085 1710 3106 1741 ,
3172 1674 3352 1749 quae
3412 1650 3633 1725 solent

598 1767 969 1844 theoretica
1035 1777 1108 1844 et
1168 1768 1559 1868 dogmatica
1615 1768 1753 1843 dici
1768 1827 1790 1856 ,
1852 1792 2169 1868 quaeque
2211 1768 2421 1868 vulgo
2474 1758 2682 1845 Fidei
2743 1772 2990 1869 Capita
3027 1769 3365 1857 audiunt,
3414 1812 3514 1829 —-
3557 1769 3632 1843 in

596 1888 879 1977 horum,
949 1889 1272 1988 inquam,
1341 1888 1573 1963 indole
1630 1896 1703 1963 et
1768 1888 1861 1963 ad
1925 1888 2229 1963 divinam
2280 1888 2720 1987 Religionem
2781 1888 3046 1963 ratione
3063 1946 3084 1977 ,
3156 1888 3382 1963 omnis
3446 1888 3588 1963 fere
3607 1946 3628 1976 ,

595 2032 805 2107 quam
851 2008 966 2082 hic
1012 2007 1284 2107 agimus
1298 2066 1319 2096 ,
1388 2007 1700 2107 quaestio
1764 2007 2070 2084 vertitur.
2170 2008 2315 2081 Ubi
2369 2007 2699 2085 nimirum
2761 2008 3146 2097 Christum,
3223 2008 3630 2108 sapientiam

544 2224 553 2233 ι
596 2133 665 2200 et
710 2124 1046 2200 iustitiam
1089 2133 1162 2200 et
1201 2125 1757 2216 sanctimoniam,
1808 2133 1880 2200 et
1924 2151 2079 2201 vero
2121 2125 2251 2202 hac
2299 2127 2411 2202 via
2451 2128 3035 2228 redemptionem,
3085 2154 3128 2204 a
3171 2128 3324 2203 Deo
3363 2128 3626 2203 factum

594 2242 795 2319 nobis
838 2244 1217 2343 Apostolus
1256 2244 1425 2318 dicit
1450 2247 1543 2337 Β),
1590 2244 1741 2319 iure
1784 2226 2167 2346 meritoque
2206 2246 2503 2346 principi
2537 2247 2686 2323 loco
2723 2249 2902 2322 hanc
2943 2248 3178 2323 statim
3219 2246 3629 2346 sapientiam

589 2363 930 2451 laudavit,
982 2370 1222 2469 utpote
1268 2368 1479 2462 q'uae,
1528 2372 1833 2440 mentem
1874 2366 2175 2441 maxime
2212 2370 2529 2465 spectans
2546 2424 2567 2455 ,
2617 2392 2700 2441 ea
2745 2365 3222 2464 complectitur
3257 2374 3330 2440 et
3371 2389 3624 2465 suppe-

588 2482 765 2555 ditat
829 2482 1063 2557 omnia
1085 2542 1105 2571 ,
1172 2507 1352 2581 quae
1404 2508 1699 2582 magnae
1754 2484 1855 2557 rei
1910 2483 2191 2559 initium
2241 2483 2499 2559 faciant
2519 2541 2540 2571 ,
2591 2484 2988 2581 quibusque
3028 2508 3230 2583 porro
3279 2490 3352 2557 et
3391 2483 3626 2557 animo

584 2598 851 2675 iustitia
910 2608 981 2675 et
1032 2602 1371 2676 voluntati
1421 2601 1871 2677 sanctimonia
1884 2660 1905 2691 ,
1972 2608 2043 2675 et
2091 2626 2249 2676 vero
2295 2602 2562 2683 homini
2607 2601 2740 2675 toti
2804 2608 3062 2700 quanto
3127 2624 3448 2700 suprema
3507 2601 3628 2677 illa

572 2700 922 2818 ⁸impertiri
965 2720 1261 2795 beatitas
1307 2721 1559 2819 possit,
1622 2744 1801 2818 quae
1820 2778 1841 2809 ,
1904 2698 2407 2819 redemptionis·
2449 2719 2730 2795 nomine
2745 2777 2766 2808 ,
2828 2743 3108 2793 omnem
3158 2718 3310 2793 eius
3364 2726 3628 2819 spectat

580 2863 744 2913 cum
803 2840 956 2913 Deo
1006 2837 1647 2914 reconciliationem.
1744 2838 1951 2913 Hanc
2010 2845 2246 2913 autem
2308 2838 2719 2939 sapientiam
2785 2837 2926 2913 sive
2990 2830 3433 2913 theoreticam
3497 2862 3622 2915 seu

584 2956 718 3031 alio
756 2956 1038 3031 nomine
1080 2956 1308 3044 dieas,
1356 2980 1511 3030 eam
1563 2980 1720 3031 vero
1764 2957 1972 3032 simul
2013 2958 2113 3033 ita
2158 2959 2459 3054 maxime
2503 2956 2878 3058 practicam
2921 2982 3068 3032 esse
3088 3017 3110 3049 ,
3159 2964 3243 3032 ut
3285 2957 3618 3044 hominis,

579 3073 654 3148 in
702 3074 1095 3148 theoreticis
1138 3074 1247 3150 vel
1288 3097 1535 3175 parum
1578 3076 1929 3151 exercitati
1946 3136 1968 3168 ,
2018 3077 2109 3151 sit
2152 3077 2399 3175 usibus
2443 3078 2961 3153 accommodata
3003 3078 3346 3175 salutique
3403 3077 3617 3151 inser-

580 3192 721 3267 viat
734 3251 755 3282 ,
806 3218 1012 3268 nemo
1044 3194 1241 3270 facile
1270 3194 1526 3293 poterit
1564 3194 1638 3269 in
1676 3194 1972 3270 dubium
2002 3220 2241 3271 vocare
2255 3255 2277 3287 ,
2324 3195 2461 3270 nisi
2484 3196 2609 3296 qui
2639 3204 2764 3271 aut
2793 3196 3150 3271 Christum
3173 3196 3616 3296 Theologiam

579 3310 893 3386 docuisse
912 3369 933 3401 ,
984 3319 1106 3387 aut
1167 3319 1329 3387 ante
1376 3312 1469 3386 sit
1525 3311 1917 3412 Theologus
1966 3312 2260 3412 quisque
2314 3338 2531 3413 quam
2584 3339 2740 3390 vere
2783 3315 3216 3391 Christianus
3234 3374 3256 3406 ,
3301 3339 3615 3415 perverse

577 3430 969 3504 contendat.
1020 3472 1121 3487 —-
1170 3432 1406 3508 Quare
1448 3431 1540 3505 A.
1577 3430 1699 3503 A.l
1757 3431 2102 3526 quamvis,
2150 3432 2591 3529 Religionem
2651 3432 3114 3509 Christianam
3167 3435 3610 3532 comtempla-

578 3547 737 3621 tivis
794 3553 1335 3644 superstructam
1398 3545 1797 3621 notionibus
1844 3545 2245 3646 ‘harumque
2304 3548 2479 3623 adeo
2550 3547 2940 3627 uberiorem
3007 3558 3078 3627 et
3147 3549 3610 3650 dogmaticam

578 3665 1104 3763 explicationem
1178 3666 1479 3741 maxime
1551 3665 2003 3741 necessariam
2089 3690 2268 3756 esse,
2344 3666 2528 3741 ultro
2604 3666 2932 3744 fatemur:
3007 3668 3230 3768 ipsam
3315 3669 3610 3747 Divinae

574 3784 958 3883 Religionis
995 3785 1301 3861 indolem
1336 3786 1495 3861 ideo
1524 3809 1837 3873 omnem,
1868 3787 2250 3883 practicam
2284 3784 2582 3861 dicimus
2597 3845 2618 3876 ,
2667 3787 2994 3885 quoniam
3027 3788 3102 3861 in
3140 3789 3293 3887 ipsa
3322 3788 3607 3887 quidem

570 3903 827 3979 Divina
894 3904 1343 3979 Institutione
1413 3903 1687 4003 singula
1752 3902 2123 3978 theoretica
2185 3904 2303 3979 illa
2370 3904 2706 3980 hactenus
2778 3904 3129 4006 proposita
3191 3913 3466 3981 tantum
3531 3916 3602 3982 et

573 4020 784 4097 veluti
840 4022 1142 4099 delibata
1185 4030 1553 4125 occurant,
1604 4030 1949 4123 quatenus
2002 4023 2259 4099 faciant
2298 4022 2391 4099 ad
2429 4024 2740 4099 animum
2781 4025 3192 4124 erigendum
3205 4083 3227 4116 ,
3277 4064 3374 4083 —-
3423 4051 3590 4126 qua-

570 4150 775 4215 tenus
825 4142 960 4241 ipsi
1002 4142 1181 4218 vitae
1228 4142 1716 4218 instaurandae
1770 4142 2145 4217 inserviant
2197 4143 2349 4219 Deo
2410 4141 2826 4242 Christoque
2886 4144 3149 4220 dicatae
3164 4204 3185 4235 ,
3233 4186 3333 4205 —-
3379 4170 3600 4243 eoque

572 4258 838 4333 valeant
882 4261 1083 4337 unice
1100 4320 1121 4351 ,
1172 4269 1255 4337 ut
1296 4262 1505 4336 homo
1552 4286 1913 4361 genusque
1954 4262 2324 4337 hominum
2358 4262 2759 4337 universum
2772 4321 2793 4352 ,
2842 4261 3232 4337 vitiositatis
3282 4269 3596 4361 ereptum

569 4377 857 4477 imperio
871 4438 891 4467 ,
940 4382 1032 4455 ad
1074 4384 1406 4487 moralem
1456 4382 1567 4458 sui
1614 4380 2137 4480 explicationem
2156 4439 2177 4470 ,
2228 4381 2319 4457 ad
2370 4381 2895 4457 similitudinem
2939 4381 3115 4469 Dei,
3165 4381 3256 4456 ad
3301 4380 3590 4456 beatita-

568 4504 712 4571 tem
782 4495 1081 4595 denique
1147 4502 1480 4600 adsurgat
1538 4506 1749 4597 atque
1804 4498 2149 4599 procedat.
2218 4544 2321 4561 -
2392 4500 2552 4575 Hoc
2622 4500 2836 4600 igitur
2893 4500 3391 4597 significamus,
3468 4500 3596 4575 ubi

562 4615 787 4715 ipsam
843 4616 1117 4692 divinae
1156 4618 1539 4719 Religionis
1592 4620 1899 4696 indolem
1954 4644 2351 4720 munusque
2392 4620 2498 4697 illi
2541 4646 2583 4697 a
2622 4622 2773 4697 Deo
2813 4619 3254 4719 impositum,
3307 4618 3590 4696 omnino

642 4876 693 4950 ¹)
733 4872 896 4936 Mu.
938 4875 1088 4939 VII:
1132 4880 1228 4939 24.
1268 4894 1389 4958 sqq.
1630 4875 1687 4959 ¹)
1728 4882 1761 4941 1
1807 4878 1880 4941 ad
1919 4878 2049 4947 Cor.
2088 4878 2155 4940 1:
2201 4882 2297 4942 80.

1692 4978 1705 4998 ⁶
3159 4983 3206 5056 2
