4967 6217
1288 687 1418 752 210
2467 683 2518 746 Ι.
2581 680 2648 745 C.
2711 679 2791 746 G.
2852 677 3136 744 ΒΟΟΤ

1342 888 1349 897 ’
1390 890 1914 992 Inquirentibus
1972 889 2047 961 in
2102 887 2438 985 originem
2492 888 2702 961 huius
2757 886 3154 985 disciplinae
3203 879 3638 956 redeundum
3687 886 3794 953 est
3834 880 3926 956 ad
3971 880 4092 954 illa
4143 886 4318 955 tem·

1288 1038 1455 1111 pora
1478 1070 1497 1097 ,
1551 1033 1769 1108 quum
1828 1010 2247 1082 Graecorum
2288 1008 2570 1107 ingenio
2611 1008 2926 1081 inventae
2969 1012 3040 1079 et
3091 1004 3402 1079 excultae
3459 1007 3639 1073 artes
3688 1007 3760 1073 et
3805 1000 4041 1074 literae
4086 1001 4323 1074 Mace·

1286 1133 1548 1204 donum
1596 1128 1804 1201 armis
1850 1152 1972 1226 per
2016 1128 2271 1201 multas
2320 1127 2624 1202 Orientis
2668 1126 2982 1225 regiones
3027 1130 3191 1198 sunt
3234 1122 3670 1221 propagatae.
3775 1120 3937 1193 Non
3983 1114 4324 1217 negamus

1284 1248 1566 1322 Periclis
1640 1255 1947 1345 tempore
2013 1247 2323 1322 Athenas
2400 1273 2674 1323 summa
2733 1244 3183 1323 humanitatis
3242 1241 3447 1316 laude
3505 1238 3818 1313 floruisse
3838 1295 3857 1326 ,
3911 1239 4034 1312 sed
4088 1245 4324 1313 tamen

1286 1375 1445 1441 ante
1516 1366 1959 1441 Aristotelem
2026 1391 2231 1441 nemo
2308 1369 2518 1457 vixit,
2593 1370 2716 1467 qui
2788 1392 2926 1441 non
2993 1366 3066 1439 in
3132 1388 3272 1438 uno
3341 1386 3590 1459 genere
3654 1360 3998 1434 elaborare
4019 1416 4040 1445 ‚
4111 1382 4324 1457 quam

1283 1487 1614 1585 plurimas
1682 1487 2120 1585 diversasque
2183 1512 2292 1561 res
2360 1489 2643 1588 ingenio
2713 1485 3073 1585 complecti
3137 1481 3544 1580 scriptisque
3596 1479 3934 1577 explicare
3977 1478 4320 1551 maluerit.

1212 1692 1231 1699 d
1290 1605 1689 1703 Superiores
1755 1606 1856 1681 illi
1916 1606 2424 1681 immortalibus
2489 1608 2758 1706 scriptis
2818 1628 3072 1703 nomen
3143 1626 3350 1677 suum
3417 1599 3824 1697 aequalibus
3890 1598 4322 1696 posterisque

1286 1726 1905 1813 commendabant;
1983 1727 2205 1801 aliena
2264 1727 2692 1801 dijudicandi
2711 1786 2730 1817 ,
2795 1724 3185 1801 illustrandi
3206 1782 3225 1810 ,
3311 1719 3676 1795 enarrandi
3755 1726 3902 1793 erat
3969 1718 4058 1791 iis
4135 1719 4328 1791 nulla

1288 1847 1629 1920 voluntas.
1729 1846 2009 1919 Amissa
2062 1868 2221 1918 vero
2285 1847 2614 1923 Graeciae
2681 1847 2998 1921 libertate
3023 1904 3042 1933 ,
3114 1843 3418 1917 inventio
3465 1862 3856 1915 exarescere
3873 1899 3891 1925 ‚
3944 1864 4052 1913 ars
4095 1864 4324 1937 gram-

1284 1966 1537 2038 matica
1556 2024 1574 2051 ,
1655 1964 1887 2038 critica
1902 2022 1921 2051 ,
1990 1964 2501 2038 hermeneutica
2578 1964 2992 2037 efflorescere
3071 1960 3316 2059 coepit.
3431 1960 3616 2032 Tum
3693 1958 3978 2031 demum
4047 1957 4324 2031 doctum

1290 2083 1605 2156 studium
1671 2083 2037 2170 sermome,
2108 2083 2509 2181 mythorum
2529 2142 2548 2171 ,
2614 2084 2968 2171 historiae,
3037 2079 3533 2177 antiquitatum
3551 2136 3571 2167 ,
3645 2077 3960 2151 omnium
4030 2075 4326 2173 denique

1290 2202 1593 2299 partium
1612 2260 1631 2287 ‚
1682 2201 1938 2297 quibus
1980 2208 2253 2275 constat
2296 2203 2706 2300 philologia,
2754 2202 3230 2277 Alexandreae
3274 2205 3502 2273 ortum
3551 2205 3692 2286 est,
3742 2197 3869 2271 ubi
3917 2196 4048 2270 sub
4098 2195 4328 2269 Ptole-

1290 2320 1503 2393 maeis
1564 2320 1879 2393 homines
1939 2319 2124 2394 docti
2182 2326 2417 2395 'eorum
2434 2380 2455 2409 ‚
2506 2323 2628 2419 qui
2673 2330 2875 2395 antea
2921 2320 3194 2395 fuerant
3212 2378 3232 2405 ,
3285 2319 3536 2415 scripta
3583 2318 3806 2392 multo
3857 2316 4086 2390 studio
4125 2314 4330 2389 undi-

1296 2466 1433 2538 que
1494 2440 1811 2538 colligere
1830 2500 1850 2528 ,
1917 2441 2112 2515 novis
2176 2442 2508 2541 exemplis
2547 2442 2982 2540 frequentare
3001 2499 3020 2528 ,
3067 2441 3142 2513 in
3193 2446 3410 2511 certas
3458 2438 3710 2511 classes
3755 2436 4107 2534 redigere,
4150 2436 4330 2533 opti·

1294 2584 1495 2633 mum
1554 2578 1903 2658 quemque
1966 2561 2331 2635 emendare
2398 2564 2682 2661 suisque
2739 2560 3088 2635 laboribus
3145 2567 3216 2632 et
3252 2557 3504 2655 vigiliis
3549 2558 3883 2632 illustrare
3929 2563 4322 2653 coeperunt.
4459 2558 4476 2569 '

1291 2682 1377 2751 In
1426 2677 1536 2750 his
1570 2677 1931 2751 -censendi
1986 2687 2152 2751 sunt
2198 2678 2663 2754 Callimachus
2685 2738 2708 2770 ,
2755 2678 3245 2754 Eratosthenes
3265 2736 3284 2765 ,
3336 2678 3460 2775 qui
3509 2678 3778 2776 primus
3823 2675 4156 2775 philologi
4205 2699 4328 2748 no-
4435 2722 4440 2725 -

1291 2822 1455 2870 men
1512 2796 1647 2869 sibi
1690 2796 2061 2871 vindicavit
2107 2798 2210 2887 ⁴),
2262 2820 2481 2895 quum
2531 2804 2692 2871 ante
2735 2798 2920 2871 hunc
2969 2794 3403 2894 grammatici
3456 2794 4002 2894 appellarentur,
4068 2792 4332 2865 Aristo-

1300 2916 1562 3014 phanes
1615 2915 1994 3011 Byzantius
2012 2974 2033 3002 ‚
2069 2916 2522 2991 Aristarchus
2541 2976 2560 3005 ,
2611 2918 2747 2992 alii.
2845 2918 3112 2992 Eodem
3157 2922 3466 3012 tempore
3515 2914 3682 2987 haec
3729 2912 3962 2986 studia
4005 2910 4336 3010 vigebant

1296 3034 1487 3131 apud
1531 3034 1994 3131 Pergamenos
2012 3092 2033 3122 ,
2076 3034 2263 3109 unde
2305 3058 2429 3133 per
2460 3036 2810 3109 Cratetem
2849 3037 3147 3110 Romam
3189 3034 3416 3108 delata
3451 3039 3618 3106 sunt
3636 3090 3656 3120 ,
3699 3032 3825 3105 ubi
3861 3032 3966 3105 M.
4015 3030 4338 3105 Terentio

1293 3152 1629 3238 Varroni,
1698 3152 1777 3225 P.
1847 3152 2135 3251 Nigidio
2192 3154 2444 3253 Figulo
2503 3155 2879 3253 paucisque
2946 3154 3098 3228 aliis
3144 3153 3216 3226 in
3273 3152 3532 3226 deliciis
3585 3152 3886 3227 fuerunt.
3985 3150 4156 3237 Eos,
4209 3151 4338 3249 qui

1294 3272 1427 3345 sub
1490 3271 1904 3346 Caesaribus
1961 3273 2211 3348 horum
2271 3273 2560 3373 vestigia
2608 3274 2826 3349 secuti
2879 3282 3078 3362 sunt,
3125 3296 3505 3347 memorare
3545 3272 3721 3345 nihil
3771 3270 4022 3346 attinet
4067 3278 4339 3369 praeter

1298 3391 1737 3467 Marcianum
1799 3391 2196 3490 Capellam,
2264 3394 2387 3492 qui
2432 3395 2704 3469 saeculo
2752 3395 2996 3493 quinto
3043 3394 3324 3468 doctum
3373 3416 3548 3491 opus
3595 3390 3908 3465 condidit
3955 3393 4040 3465 de
4084 3394 4342 3487 nuptiis¹

1278 3512 1696 3609 philolofflae
1756 3519 1828 3584 et
1881 3514 2257 3600 Mercurii,
2330 3514 2521 3610 quod
2575 3513 2808 3588 medio
2855 3538 3019 3588 aevo
3061 3514 3136 3587 in
3185 3512 3433 3587 scholis
3477 3512 3618 3609 legi
3671 3518 3743 3585 et
3789 3509 4116 3607 explicari
4159 3508 4350 3583 sole-

1296 3631 1437 3703 bat.
1545 3632 1789 3707 Quum
1854 3638 2091 3705 autem
2158 3633 2477 3732 Europae
2543 3635 2858 3734 regiones
2922 3634 3136 3709 densa
3195 3633 3486 3731 caligine
3544 3631 3810 3705 obsitae
3864 3652 4144 3703 omnem
4195 3629 4336 3702 fere

1300 3747 1808 3822 humanitatem
1889 3750 2303 3838 amiserant,
2372 3754 2698 3851 pleraque
2757 3754 3201 3853 antiquorum
3269 3754 3524 3852 scripta
3583 3754 3899 3852 neglecta
3945 3749 4064 3824 diu
4103 3749 4328 3823 iacue-

1302 3874 1504 3955 runt,
1555 3867 1773 3941 donec
1812 3869 2097 3945 tandem
2138 3896 2177 3944 e
2220 3871 2363 3945 situ
2412 3878 2482 3943 et
2523 3872 2802 3969 pulvere
2841 3878 3036 3944 eruta
3066 3870 3370 3943 multum
3403 3872 3843 3945 contulerunt
3883 3868 3972 3943 ad
4013 3865 4328 3941 tenebras

1304 3986 1765 4085 dispellendas
1830 4012 2226 4089 novumque
2274 3972 2504 4064 rerum
2547 3990 2858 4064 ordinem
2902 3988 3433 4088 provocandum.
3531 3990 3833 4063 Felicem
3877 3988 4054 4062 hanc
4101 3993 4330 4059 muta·

1308 4108 1568 4180 tionem
1627 4105 1973 4181 inchoavit
2040 4110 2500 4185 FRANmscus
2578 4111 3028 4185 Pn'rnARcHA
3045 4168 3065 4197 ,
3132 4134 3344 4207 quem
3387 4134 3684 4208 puerum
3730 4107 3938 4182 etiam
3989 4107 4334 4179 verborum
4381 4140 4386 4145 ·

1308 4228 1581 4300 dulcedo
1641 4229 1971 4325 quaedam
2040 4238 2112 4303 et
2160 4233 2496 4304 sonoritas
2547 4230 2620 4302 in
2687 4229 3013 4303 Cicerone
3067 4236 3139 4302 et
3186 4228 3492 4327 Vergilio
3537 4230 3883 4304 detinebat
3922 4228 4010 4318 ⁵).
4109 4226 4186 4297 Is
4229 4224 4336 4296 vir

1310 4346 1531 4419 factus
1602 4346 1811 4420 nullis
1876 4348 2273 4447 sumptibus
2332 4358 2455 4424 aut
2514 4349 2866 4424 laboribus
2927 4349 3270 4449 pepercit,
3339 4356 3422 4422 ut
3481 4324 3986 4445 manuscriptos
4044 4344 4334 4419 Latinos

1310 4466 1658 4564 colligeret
1703 4490 1914 4564 quam
1960 4469 2293 4567 plurimos
2308 4528 2327 4558 ,
2377 4478 2448 4544 et
2493 4492 2713 4567 quum
2765 4469 3012 4543 Graeci
3053 4467 3384 4542 sermonis
3421 4476 3699 4543 tantum
3735 4492 3876 4541 non
3916 4464 4112 4540 rudis
4150 4474 4336 4539 esset

1309 4585 1529 4657 amico
1547 4641 1566 4671 ,
1618 4586 1741 4683 qui
1786 4585 1921 4660 sibi
1958 4586 2250 4663 Homeri
2286 4588 2592 4663 carmina
2627 4588 2972 4675 misisset,
3019 4587 3288 4686 scripsit
3334 4612 3406 4661 se
3445 4588 3721 4663 nullum
3761 4585 4023 4659 donum
4061 4583 4332 4683 gratius

1308 4702 1612 4801 accipere
1676 4706 2001 4802 potuisse.
2102 4708 2441 4785 Homerus
2512 4712 2776 4809 quidem
2799 4768 2820 4798 ,
2891 4708 2990 4782 sic
3053 4707 3170 4781 ille
3192 4766 3213 4796 ,
3281 4711 3469 4805 apud
3517 4734 3622 4782 me
3679 4712 3898 4781 mutas
3913 4763 3935 4792 ,
3995 4707 4128 4778 imo
4175 4726 4332 4775 vero

1313 4850 1431 4923 eyo
1484 4828 1671 4921 apud
1706 4828 1891 4899 illum
1934 4830 2175 4904 surdus
2216 4854 2379 4917 aum.
2489 4833 2762 4905 Gaudeo
2813 4838 3034 4905 tamen
3077 4835 3150 4903 et
3195 4829 3508 4925 ampleoeu,
3547 4830 3707 4903 solo.
3817 4828 4112 4899 Graec-08
4143 4845 4328 4917 epec-
4387 4855 4394 4859 ·
