4967 6217
1399 688 1484 751 24
2372 682 2699 750 NICOLAI
2744 680 3208 749 CHRISTIANI
3253 682 3445 747 KIST

1394 895 1662 969 iaceret.
1781 894 2012 971 Quam
2088 890 2391 990 profecto
2459 891 2753 965 Divinae
2822 889 3204 989 Religionis
3272 888 3453 963 inter
3518 886 3831 961 homines
3894 894 4145 961 sortem
4167 945 4187 975 ,
4260 888 4421 987 quis

1396 1013 1678 1088 tandem
1718 1014 1924 1111 paulo
1965 1036 2112 1085 esse
2148 1009 2513 1084 humanior
2546 1034 2625 1083 ac
2660 1007 3040 1106 religiosior
3080 1008 3368 1106 poterit,
3408 1007 3578 1104 quin
3619 1007 4108 1106 deplorandam
4144 1016 4421 1083 censeat

1393 1133 1793 1229 intimisque
1841 1131 2054 1205 animi
2093 1128 2411 1203 sensibus
2453 1128 2732 1203 doleat?
2831 1128 3020 1201 Hinc
3064 1128 3249 1201 enim
3290 1128 3551 1201 factum
3572 1186 3591 1214 ,
3645 1135 3727 1199 ut
3782 1152 4008 1224 neque
4055 1127 4203 1225 ipsa
4247 1129 4418 1203 haec

1399 1252 1668 1349 Religio
1713 1250 1938 1338 omni,
1989 1274 2127 1347 qua
2175 1249 2420 1347 pollet,
2465 1246 2721 1321 Divina
2765 1254 2974 1343 atque
3012 1246 3319 1320 benefica
3360 1247 3427 1319 vi
3463 1271 3733 1346 semper
3773 1246 4163 1345 spectabilis
4198 1257 4419 1335 esset,

1397 1394 1622 1467 neque
1660 1370 1734 1441 in
1771 1369 2050 1443 homine
2087 1369 2587 1467 explicarentur
2618 1391 2659 1438 a
2696 1366 2849 1438 Deo
2893 1363 3153 1439 inditae
3199 1364 3334 1463 ipsi
3378 1364 3736 1439 facultates
3792 1366 4111 1452 morales,
4163 1366 4423 1462 quibus

1394 1488 1814 1588 explicandis
1879 1488 2164 1563 demum
2223 1495 2432 1586 atque
2494 1485 2838 1561 sacrandis
2900 1482 3245 1581 δύναμις
3300 1485 3414 1571 εἰς
3466 1488 3852 1585 σωτηρίαν
3910 1512 3953 1559 a
4004 1485 4155 1557 Deo
4216 1485 4421 1559 nobis

1395 1608 1656 1681 factum
1705 1614 1811 1680 est
1856 1607 2320 1705 Euangelium
2355 1610 2442 1697 ¹).

1491 1726 1752 1800 Verum
1814 1751 1903 1799 ne
1971 1726 2068 1799 sic
2097 1726 2102 1737 '
2129 1726 2412 1823 quidem
2467 1725 2594 1798 sua
2646 1724 2854 1797 causa
2912 1725 2987 1797 in
3044 1724 3245 1797 terris
3296 1724 3555 1797 Christi
3593 1723 3868 1821 Religio
3922 1722 4188 1797 cecidit.
4290 1722 4423 1797 Vel

1395 1846 1628 1921 invitis
1681 1844 2077 1918 hominibus
2098 1903 2118 1931 ,
2182 1869 2450 1942 semper
2498 1844 2803 1916 divinam
2846 1868 3251 1941 semperque
3298 1843 3679 1916 beneficam
3724 1866 3797 1915 se
3855 1842 4181 1915 omnibus
4226 1867 4419 1940 prae·

1395 1964 1588 2039 stitit.
1691 1964 1902 2041 Quod
1963 1988 2120 2035 vero
2180 1988 2368 2037 nunc
2421 1964 2721 2036 maxime
2780 1969 3096 2036 nostrum
3158 1969 3264 2034 est
3314 1962 3707 2035 observare:
3757 1984 3881 2058 per
3922 1976 4212 2060 magnas
4266 1962 4423 2036 illas

1390 2083 1751 2157 hominum
1810 2082 2270 2156 aberrationes
2291 2140 2309 2169 ‚
2375 2072 2471 2156 sic
2528 2082 2771 2155 saltem
2836 2081 2927 2156 ad
2984 2081 3335 2155 meliorem
3397 2081 3653 2154 sensim
3698 2080 3772 2153 in
3822 2080 4021 2153 terris
4063 2104 4419 2178 progressa

1392 2210 1497 2277 est
1563 2202 2023 2277 conditionem
2049 2260 2068 2289 ,
2141 2209 2224 2274 ut
2293 2201 2444 2299 ipsa
2513 2200 2630 2275 illa
2700 2200 2977 2275 moralis
3050 2198 3199 2273 eius
3267 2200 3369 2273 vis
3432 2224 3511 2273 ac
3578 2198 3995 2296 praestantia
4019 2258 4038 2286 ,
4110 2200 4425 2295 quamvis

1395 2346 1886 2421 saepenumero
1933 2321 2152 2394 latens
2197 2346 2474 2420 prorsus
2493 2379 2511 2408 ‚
2563 2328 2795 2394 tamen
2846 2320 3113 2393 occulto
3148 2325 3479 2393 cresceret
3516 2314 3589 2391 et
3626 2342 3782 2392 vero
3828 2318 4050 2416 magis
4103 2317 4425 2416 deinceps

1391 2466 1536 2515 sese
1587 2440 2118 2537 adspectabilem
2167 2434 2436 2513 faceret.
3536 2456 3547 2467 ·

1487 2562 1582 2633 Et
1616 2560 1746 2632 hoc
1789 2559 2016 2656 ipsum
2063 2566 2167 2631 est
2203 2560 2292 2631 A.
2332 2559 2420 2631 A.
2469 2558 2658 2655 quod
2703 2558 2920 2630 nostri
2962 2558 3402 2655 potissimum
3445 2555 3772 2653 temporis
3814 2580 3939 2628 nos
3972 2557 4427 2632 consideratio

1397 2682 1658 2753 doceat.
1763 2679 1868 2749 Sit
1911 2677 2042 2762 ita,
2093 2676 2314 2749 multa
2337 2735 2356 2763 ,
2407 2678 2621 2750 eheu!
2674 2686 2744 2750 et
2782 2676 2985 2749 hodie
3025 2676 3431 2761 desiderari,
3482 2698 3661 2773 quae
3706 2699 3899 2772 spem
3944 2676 4228 2764 faciant,
4283 2677 4424 2750 iam

1390 2799 1534 2871 fore
1595 2796 1878 2869 tandem
1934 2821 2012 2868 ac
2073 2795 2214 2867 fore
2277 2795 2503 2882 brevi,
2571 2803 2650 2867 ut
2701 2794 3163 2893 Euangelium
3228 2794 3489 2867 Christi
3537 2794 3769 2867 nativa
3816 2820 3941 2867 sua
3994 2795 4423 2894 simplicitate

1393 2916 1754 2989 hominum
1817 2914 2066 2987 animis
2134 2938 2281 2986 sese
2343 2914 2818 3001 commendet,
2893 2937 3112 3010 eoque
3177 2912 3273 2985 sic
3324 2912 3583 2997 valeat,
3642 2920 3725 2984 ut
3771 2914 4097 2988 moralem
4144 2916 4428 2989 tandem

1395 3036 1503 3109 sui
1567 3034 1796 3107 videat
1861 3032 2165 3106 Ecclesia
2231 3033 2819 3107 instaurationem.
2920 3031 3157 3105 Huius
3224 3036 3457 3103 tamen
3524 3031 3861 3105 desiderio
3918 3058 3997 3105 ac
4041 3034 4255 3105 veluti
4312 3058 4429 3107 ex-

1394 3154 1784 3253 pectatione
1829 3154 1956 3225 hoc
1996 3150 2335 3249 imprimis
2356 3210 2375 3239 ,
2429 3152 2617 3249 quod
2656 3176 2782 3226 nos
2820 3150 3147 3236 vivimus,
3192 3157 3471 3247 tempus
3510 3152 3764 3239 teneri,
3804 3152 3877 3224 id
3921 3152 4221 3248 profecto
4264 3176 4428 3227 cum

1253 3312 1262 3331 ·
1393 3274 1525 3349 alia
1611 3274 1788 3348 bene
1877 3272 2099 3345 multa
2181 3280 2454 3345 nostrae
2529 3270 2772 3344 aetatis
2837 3270 3037 3369 signa
3110 3258 3325 3367 atque
3390 3270 3712 3343 instituta
3782 3271 4159 3366 loquuntur
4178 3328 4196 3357 ‚
4272 3278 4427 3345 tum

1399 3392 1710 3492 inprimis
1775 3390 2320 3491 philanthropica
2379 3390 2534 3476 illa,
2606 3414 2815 3487 quae,
2882 3388 3268 3463 incredibili
3318 3388 3459 3463 fere
3514 3414 3799 3462 numero
3849 3414 3926 3461 ac
3985 3388 4157 3463 mire
4200 3390 4424 3477 varia,

1399 3494 1604 3585 hodie
1655 3512 1936 3608 quidem
1995 3511 2092 3583 sic
2146 3510 2371 3583 ubivis
2407 3510 2718 3585 locorum
2765 3517 3079 3583 crescunt
3122 3534 3202 3583 ac
3240 3510 3527 3596 florent,
3579 3516 3657 3581 ut
3700 3508 4135 3607 turpissimae
4184 3509 4429 3581 saltem

1399 3629 1850 3703 humanitatis
1909 3628 2219 3701 maculae
2290 3634 2412 3699 aut
2471 3627 2722 3723 pudori
2795 3628 2934 3701 iam
3012 3628 3152 3700 sint
3174 3686 3193 3713 ,
3268 3636 3390 3701 aut
3453 3634 3878 3702 evanescant.
3998 3628 4177 3701 Ecce
4194 3686 4214 3714 ,
4267 3652 4431 3701 suae

1403 3747 1618 3820 veluti
1675 3746 1949 3819 moralis
2004 3754 2316 3843 pertaesa
2375 3745 2865 3820 imbecillitatis
2886 3805 2905 3833 ,
2971 3745 3147 3820 illud
3190 3746 3330 3819 iam
3375 3754 3561 3820 aetas
3602 3754 3835 3822 nostra
3878 3770 4153 3820 summo
4198 3745 4429 3820 studio

1407 3867 1690 3940 molitur
1747 3866 2030 3963 agitque
2050 3923 2070 3952 ,
2121 3872 2203 3937 ut
2223 3922 2241 3951 ,
2291 3865 2572 3938 remotis
2619 3890 2697 3939 ac
2749 3864 3052 3940 rescissis
3106 3865 3226 3953 iis,
3275 3889 3453 3962 quae
3502 3865 3626 3938 diu
3671 3866 3848 3940 hanc
3888 3865 4426 3939 imbecillitatem

1409 3986 1769 4072 fovebant,
1821 3984 1894 4058 in
1938 3986 2162 4058 lucem
2203 3984 2555 4081 protrahat
2597 3992 2807 4083 atque
2845 3984 3206 4071 adhibeat,
3257 3983 3589 4081 quicquid
3634 3984 3779 4071 sive„
3818 3984 3907 4058 ad
3944 3984 4426 4083 explicandum

1407 4108 1636 4205 ipsum
1679 4104 2027 4178 hominem
2075 4103 2279 4177 faciat
2298 4162 2317 4192 ,
2371 4104 2511 4178 sive
2564 4104 2713 4178 eius
2760 4105 3086 4179 virtutem
3130 4104 3348 4202 possit
3392 4128 3757 4201 veramque
3804 4104 4095 4177 salutem
4148 4128 4421 4201 augere.

1403 4227 1560 4301 Hoc
1618 4251 1775 4299 vero
1840 4224 2149 4309 studium
2167 4281 2186 4310 ,
2255 4224 2362 4296 uti
2419 4248 2503 4296 ex
2550 4223 2769 4321 ipsius
2810 4222 3191 4321 Religionis
3238 4223 3669 4298 Christianae
3709 4223 3897 4297 fonte
3943 4224 4051 4296 vel
4098 4224 4303 4297 tacite
4348 4249 4428 4297 ac

1405 4356 1645 4444 sponte
1699 4344 1982 4419 fluxisse
2044 4343 2467 4417 censendum
2516 4351 2664 4432 est,
2713 4343 2812 4417 ita
2858 4350 2929 4418 et
2971 4368 3171 4444 porro
3209 4343 3417 4420 huius
3458 4343 3759 4419 maxime
3801 4343 4185 4442 Religionis
4222 4368 4425 4441 opem

1403 4476 1472 4537 et
1519 4466 1854 4538 auxilium
1903 4464 2212 4563 impense
2257 4462 2546 4561 flagitat.

1485 4830 1531 4913 ⁸)
1571 4833 1646 4892 ad
1680 4835 1836 4892 Rom.
1874 4829 1937 4891 1:
1984 4836 2082 4893 16.
