4967 6217
998 1395 1461 1458 ACADEMIAE
1538 1395 2125 1456 GBONINGANAE
2200 1394 2690 1468 CURATORES,
2741 1385 2746 1390 ⁸
2775 1395 2949 1454 VIBI
3017 1343 3552 1472 N01311215131ML=

1077 1497 1555 1561 mmssnm
1608 1499 1917 1561 QUIQUE
1951 1498 2087 1560 ms
2119 1498 2225 1559 AB
2256 1499 2488 1560 AGTIS
2515 1498 2610 1558 Es
2623 1539 2644 1576 ‚
2679 1497 2820 1558 vm
2853 1496 3540 1562 HONORA'rlssmm

992 1645 1464 1708 QUABUMVIS
1528 1644 2153 1708 DISCIPLINABUM
2218 1637 2756 1708 PROFESSORES
2771 1691 2787 1720 ,
2841 1645 3014 1706 VIRI
3061 1643 3507 1709 CLARISSIMI
3523 1691 3542 1720 ,

1078 1746 1758 1810 CONmNcTIssIMn
2591 1741 2598 1748 ’

996 1891 1599 1956 ΡΑΕΒΑΕΟΘΙΟΈΒ
1634 1892 1949 1956 LECTOR.
1982 1893 2579 1955 ERUDI'HSSIME!

994 2037 1247 2140 HJJms
1281 2037 1748 2100 AOADEMIAE
1790 2038 2046 2112 cIVES,
2084 2035 2433 2099 IUVENES
2471 2035 2958 2100 Lmo'rlssmn

995 2183 1435 2245 QUOTQUOT
1488 2185 1596 2245 AD
1654 2183 2056 2245 soLENNIA
2114 2185 2331 2246 HAEC
2394 2183 2926 2246 CELEBRANDA
2981 2181 3541 2258 CONVBNISTIS,

1076 2286 1525 2348 AUDITORES
1564 2285 2200 2349 EXOPTATISSIMU

718 2670 917 2774 ‘Iure
971 2723 1101 2774 suo
1146 2708 1463 2774 nostrum
1532 2722 1782 2775 aevum
1828 2698 2163 2798 gloriatur
2226 2697 2638 2773 florentibus
2697 2705 2770 2772 et
2829 2698 3260 2804 continenter
3321 2697 3540 2774 incre-

510 2818 863 2894 scentibus
923 2817 1275 2896 doctrinis.
1386 2819 1601 2894 Nefas
1660 2826 1896 2894 tamen
1964 2824 2071 2892 est
2139 2817 2416 2892 diffiteri
2432 2874 2453 2906 ,
2526 2841 2678 2908 eas,
2759 2817 3020 2917 partim,
3089 2823 3310 2906 certe,
3395 2841 3546 2893 esse

509 2936 975 3012 hereditarias.
1071 2936 1271 3012 Nihil
1328 2937 1513 3012 enim
1572 2938 1713 3013 fere
1770 2937 2021 3013 melius
2086 2937 2335 3012 datum
2384 2943 2558 3037 puto
2618 2937 2858 3037 generi
2911 2937 3220 3012 humano
3237 2996 3258 3026 ‚
3329 2962 3544 3037 quam

508 3053 905 3130 facultatem
940 3055 1299 3131 thesauros
1324 3055 1477 3132 illos
1514 3055 1839 3132 scientiae
1854 3115 1877 3145 ,
1922 3056 2205 3132 inventa
2244 3081 2562 3156 quaeque
2595 3056 3187 3157 praestantissima
3200 3116 3221 3146 ‚
3247 3057 3546 3157 optimos

507 3173 777 3250 fructus
810 3173 1281 3250 meditationis
1321 3175 1753 3275 singulorum
1786 3176 1922 3252 sibi
1953 3175 2421 3253 conservandi.
2499 3176 2697 3251 Haec
2736 3175 2922 3252 bona
2963 3175 3098 3250 sibi
3129 3176 3544 3275 impertiunt

506 3301 901 3392 temporum
963 3295 1323 3392 aequales;
1394 3320 1476 3370 ea
1531 3297 1789 3372 cedunt
1854 3303 1927 3371 et
1976 3295 2381 3394 relinquunt
2440 3295 2586 3369 suis
2647 3295 2723 3370 in
2777 3295 2910 3370 hoc
2967 3301 3310 3370 terrarum
3371 3295 3542 3372 orbe

510 3412 1038 3489 successoribus.
1136 3413 1437 3488 Divitiae
1490 3412 1591 3489 ita
1646 3422 1981 3513 perpetuo
2035 3411 2580 3488 communicatae
2633 3417 2708 3485 et
2760 3410 3055 3486 traditae
3111 3413 3296 3486 fiunt
3351 3435 3542 3488 com-

510 3553 725 3605 mune
789 3531 1143 3631 quoddam
1211 3531 1483 3631 generis
1546 3531 1839 3607 humani
1908 3531 2211 3607 universi
2271 3531 2558 3606 bonum.
2678 3529 2878 3607 Licet
2941 3529 3166 3605 brevis
3245 3531 3365 3629 sit·
3402 3530 3544 3606 vita

494 3650 905 3726 ‚mortalium
924 3709 945 3740 ,
988 3651 1186 3736 ‚illam
1232 3651 1735 3752 possessionem
1784 3649 1920 3726 sibi
1959 3649 2383 3726 tradentium
2398 3709 2419 3739 ‚
2468 3650 2638 3724 haec
2675 3649 2828 3750 ipsa
2863 3656 3096 3725 tamen
3131 3674 3272 3725 non
3321 3649 3540 3749 perit;

508 3792 671 3842 nam
711 3792 754 3842 a
790 3769 1029 3843 multis
1069 3769 1557 3868 superstitibus
1604 3775 1949 3866 servatur3
1996 3791 2125 3842 nec
2178 3767 2541 3858 decrescit,
2591 3768 2716 3843 sed
2755 3775 3054 3868 augetur
3109 3795 3174 3844 a·
3205 3771 3446 3869 paucis
3500 3795 3540 3844 e

510 3888 967 3988 sagacissimis
989 3889 1303 3964 omnium
1328 3913 1565 3963 eorum
1584 3945 1605 3975 ‚
1640 3886 1897 3986 quibus
1922 3886 2179 3961 sensim
2202 3886 2386 3961 cedit
2407 3911 2532 3986 per
2550 3886 2832 3985 longam
2857 3886 3245 3961 seculorum
3273 3887 3540 3964 seriem.

607 4008 747 4082 Eos
786 4032 945 4082 vero
964 4066 987 4096 ,
1035 4009 1159 4106 qui
1202 4009 1355 4082 illas
1393 4009 1667 4082 divitias
1709 4007 1861 4082 aliis
1908 4006 2313 4106 reliquerint
2352 4005 2806 4105 locupletatas
2827 4065 2848 4096 ,
2899 4005 3230 4081 oblivioni
3270 3993 3538 4083 tradere

510 4149 649 4198 non
715 4125 953 4214 decet,
1018 4127 1190 4224 quin
1247 4126 1481 4226 potius
1540 4151 1659 4200 cos
1719 4125 2063 4226 celebrare
2112 4132 2184 4200 et
2238 4124 2568 4200 laudibus
2607 4111 2882 4201 ¹debitis
2939 4150 3182 4202 ornare
3239 4133 3532 4226 oportet.

511 4242 773 4317 Mentis
836 4244 1023 4318 enim
1070 4246 1647 4344 praeclarissimae
1701 4247 1897 4322 dotes
1942 4245 2017 4320 in
2067 4270 2275 4320 causa
2327 4246 2641 4335 fuerunt,
2699 4271 2825 4320 cur
2873 4245 3298 4333 invenirent,
3349 4247 3538 4344 quod

508 4355 703 4435 alios
734 4361 1061 4452 latuerat,
1135 4389 1313 4463 quae
1374 4364 1675 4441 facerent
1738 4373 1821 4441 ut
1876 4366 2035 4465 plus
2090 4366 2394 4440 valerent
2448 4366 2601 4440 aliis
2657 4365 2836 4440 bene
2897 4364 3159 4440 multis.
3263 4365 3534 4442 Quidni

508 4479 725 4578 igitur
802 4481 1225 4557 celebremus
1244 4541 1265 4571 ‚
1356 4484 1479 4582 qui
1546 4482 1989 4558 excelluerint
2052 4481 2332 4582 ingenio
2353 4540 2374 4571 ,
2462 4507 2706 4557 verum
2762 4482 3088 4559 cernendi
3164 4481 3493 4557 facultate
3512 4541 3533 4571 ,

506 4599 747 4676 iudicii
795 4601 1151 4676 acumine!
1248 4602 1526 4677 Etenim
1590 4603 1665 4676 in
1729 4601 2183 4677 admiratione
2240 4602 2391 4700 ipsa
2422 4594 2688 4678 ⁵eorum
2703 4659 2724 4690 ,
2794 4602 2917 4701 qui
2977 4600 3237 4700 insigni
3277 4599 3536 4676 fuerint

506 4719 743 4817 generi
774 4719 1080 4794 humano
1118 4731 1555 4810 ornamento,
1604 4729 1711 4797 est
1746 4720 1937 4820 quod
1960 4721 2195 4795 sensui
2228 4721 2396 4795 boni
2441 4729 2513 4795 et
2560 4722 2776 4796 divini
2814 4720 3096 4822 optimis
3139 4719 3534 4822 quibusque

510 4839 825 4929 maxime
858 4841 1131 4938 proprio
1178 4841 1459 4916 omnino
1505 4840 1771 4940 placeat
1820 4848 1889 4915 et
1934 4865 2175 4916 omnes
2222 4840 2461 4916 incitet
2510 4840 2600 4916 ad
2647 4840 2994 4916 virtutem.

3003 4963 3092 5033 13
3115 4962 3155 5004 *
