4967 6217
1405 674 1488 747 es
2421 638 3345 744 '0.e.orzoomsn

1409 886 1500 960 ab
1573 884 1859 959 aliarum
1929 881 2242 955 omnium
2306 904 2540 955 rerum
2604 880 2993 980 cognitione
3056 882 3354 981 separari
3418 880 3713 967 solebat,
3778 880 3872 956 ad
3937 882 4291 981 opiniones
4355 891 4427 955 et

1411 1003 1782 1079 sententias
1847 1001 2207 1075 hominum
2227 1058 2247 1087 ,
2321 1000 2444 1097 qui
2512 999 2817 1098 aliquam
2876 1001 2949 1075 in
3020 1002 3107 1075 iis
3171 1000 3649 1075 sustinuerunt
3708 1010 4068 1098 personam
4084 1058 4107 1087 ,
4176 1000 4426 1085 relatae

1408 1128 1590 1197 sunt.
1689 1121 2036 1195 Maximos
2076 1118 2285 1193 etiam
2323 1118 2737 1217 populorum
2773 1128 3005 1195 motus
3042 1146 3123 1195 ac
3161 1114 3541 1207 tumultus,
3588 1142 3959 1216 rerumque
3994 1118 4423 1217 publicarum

1400 1240 1969 1315 commutationes
2015 1238 2113 1311 ita
2151 1236 2508 1312 cohaerere
2558 1264 2720 1314 cum
2762 1239 2847 1313 iis
2890 1240 3197 1314 motibus
3245 1246 3455 1336 atque
3516 1237 4073 1312 conversionibus
4091 1296 4109 1324 ,
4170 1238 4423 1335 quibus

1401 1358 1833 1458 philosophia
1871 1365 1942 1431 et
1981 1356 2222 1455 religio
2263 1356 2547 1430 fuerunt
2592 1356 2942 1455 subjectae
2959 1417 2977 1445 ,
3028 1366 3108 1431 ut
3154 1358 3242 1432 ab
3286 1358 3373 1431 iis
3420 1357 3651 1431 divelli
3696 1366 4075 1455 nequeant,
4126 1357 4421 1430 dilucide

1393 1478 1537 1576 jam
1610 1477 2154 1551 demonstratum
2228 1482 2355 1548 est.
2457 1473 2781 1573 Οὐδαμε
2848 1504 3002 1576 γαρ
3071 1500 3433 1553 utram-ac
3506 1502 3834 1570 μεσικης
3901 1502 4165 1575 τροποι
4242 1476 4421 1551 ἄνευ

1401 1598 1814 1674 murmane
1855 1620 2117 1693 ’νομων
2163 1620 2316 1671 των
2355 1618 2772 1693 ,asyma-vv,
2814 1597 2921 1681 ὡς
2960 1622 3150 1689 φησι
3188 1625 3267 1670 τε
3308 1600 3609 1691 Auum
3652 1622 3795 1670 και
3834 1596 3980 1693 ἐγω
4027 1600 4418 1691 πειθομαι.

1455 1716 1594 1789 ‘At
1661 1715 1885 1789 videte
1907 1774 1925 1802 ,
1995 1714 2083 1788 A.
2142 1714 2231 1787 A.
2251 1772 2269 1800 ,
2339 1738 2480 1810 quo
2544 1712 2827 1787 tandem
2848 1772 2869 1802 ,
2938 1714 3135 1787 tardo
3202 1714 3379 1813 pede
3445 1714 3823 1813 progressi,
3890 1714 4417 1811 pervenerimus.

1395 1837 1560 1933 Ipsa
1605 1834 1772 1908 haec
1815 1834 2332 1932 disciplinarum
2376 1832 2722 1930 colligatio
2739 1890 2760 1920 ,
2810 1831 3009 1931 cujus
3057 1834 3217 1907 finis
3278 1840 3385 1907 est
3402 1891 3420 1919 ,
3487 1840 3569 1906 ut
3622 1858 3863 1907 omnes
3916 1832 4286 1930 aliquando
4349 1834 4418 1907 in

1401 1954 1609 2026 unius
1677 1952 2076 2050 disciplinae
2143 1952 2436 2025 formam
2501 1951 2937 2049 redigantur,
3006 1951 3436 2049 philosophia
3510 1959 3653 2039 est,
3719 1960 3791 2025 et
3856 1952 4303 2051 philosophus
4366 1955 4421 2027 is

1396 2071 1581 2144 solus
1629 2071 1766 2144 dici
1816 2079 2147 2157 meretur,
2215 2070 2338 2167 qui
2403 2071 2496 2144 ad
2565 2071 2752 2143 hunc
2814 2072 3027 2145 finem
3100 2071 3365 2157 tendit,
3436 2078 3506 2143 et
3563 2070 3805 2145 eadem
3868 2072 4130 2145 ratione
4195 2072 4421 2169 plures

1397 2188 1740 2263 doctrinas
1786 2189 1965 2262 inter
2004 2214 2076 2261 se
2123 2188 2516 2287 conjungit,
2567 2213 2707 2286 qua
2750 2189 2826 2263 in
2866 2189 3034 2288 ipsis
3082 2190 3371 2288 singulis
3412 2190 3738 2264 doctrinis
3787 2190 4091 2264 diversae
4138 2192 4457 2290 conjun--

1393 2314 1658 2405 guntur
1703 2308 2102 2381 sententiae.
2203 2307 2320 2380 Ad
2371 2332 2725 2382 summum
2769 2307 2985 2407 igitur
3022 2309 3491 2407 philosophiae
3542 2310 3835 2409 gradum
3881 2334 4086 2383 nemo
4128 2310 4419 2396 accedit,

1393 2428 1531 2501 nisi
1576 2428 1699 2526 qui
1747 2451 1988 2500 omnes
2035 2426 2316 2500 omnino
2362 2426 2789 2525 disciplinas,
2840 2436 3121 2502 cunctas
3170 2428 3515 2504 humanae
3574 2430 3896 2503 scientiae
3955 2437 4217 2526 partes,
4278 2439 4421 2504 arte

1393 2546 1798 2621 concludere
1818 2605 1837 2632 ,
1887 2545 1962 2619 in
2013 2545 2339 2619 omnibus
2398 2545 2647 2618 mundi
2703 2545 3069 2644 provinciis
3084 2603 3105 2633 ,
3172 2545 3313 2619 sive
3370 2547 3463 2621 ad
3526 2569 3773 2644 corpus
3841 2547 4230 2647 pertineant
4282 2547 4421 2621 sive

1391 2666 1482 2739 ad
1544 2666 1852 2739 animum
1871 2723 1890 2752 ‚
1951 2665 2250 2737 eundem
2313 2663 2627 2738 ordinem
2646 2723 2666 2751 ‚
2729 2664 3007 2738 easdem
3062 2664 3251 2763 leges
3309 2664 3700 2739 observatas
3750 2690 3900 2739 esse
3962 2667 4419 2740 demonstrare
4548 2738 4561 2747 ,

1394 2782 1630 2880 possit.
1735 2771 1932 2859 Quis
1959 2790 2193 2855 autem
2233 2790 2339 2855 est
2353 2841 2373 2870 ,
2422 2781 2538 2854 cui
2583 2781 2759 2854 hanc
2797 2780 3213 2855 Corinthum
3258 2782 3447 2855 adire
3486 2781 3823 2880 contigit?
3924 2784 4106 2860 Quis
4147 2808 4417 2857 omnem

1391 2926 1624 2975 rerum
1664 2899 2180 2975 universitatem
2219 2907 2363 2974 tam
2409 2908 2724 2974 accurate
2768 2900 2993 2987 novit,
3044 2907 3126 2973 ut
3162 2900 3235 2974 in
3280 2901 3473 2975 nulla
3516 2926 3589 2975 re
3639 2878 4043 3000 peregrinus
4082 2902 4174 2976 sit
4214 2910 4421 3000 atque

1391 3021 1691 3118 hospes?
1790 3019 1970 3097 Quis
2025 3043 2256 3093 rerum
2314 3019 2755 3117 physicarum
2809 3043 2889 3092 ac
2941 3019 3305 3093 moralium
3366 3044 3583 3118 aeque
3630 3020 3931 3119 peritum
3986 3046 4060 3094 se
4116 3023 4421 3119 profiteri

1393 3141 1668 3237 potest?
1765 3138 2173 3213 Paucissimi
2221 3164 2386 3214 sane
2437 3138 2610 3212 adeo
2661 3138 2861 3212 beate
2904 3138 3163 3213 vivunt.
3264 3140 3479 3237 Apud
3521 3139 3647 3213 hos
3689 3140 3867 3213 solos
3918 3164 4187 3215 summa
4224 3142 4417 3215 inve·

1391 3257 1580 3332 nitur
1600 3257 2098 3369 &philosophiffi
2149 3259 2240 3332 ad
2302 3283 2514 3357 quam
2573 3282 2713 3356 quo
2773 3258 3089 3358 proprius
3152 3258 3572 3345 accedimus,
3624 3282 3706 3333 eo
3770 3258 4103 3357 digniores
4166 3284 4409 3333 sumus

1392 3377 1779 3475 philosophi
1827 3377 2297 3476 appellatione.

1489 3495 2009 3592 Philosophicae
2071 3497 2553 3595 inquisitiones
2619 3525 2699 3574 ac
2762 3500 3291 3598 disceptationes
3305 3556 3325 3585 ,
3400 3500 3459 3571 si
3500 3500 3659 3572 talis
3708 3522 3944 3572 earum
3994 3498 4262 3573 indoles
4310 3506 4417 3572 est

1395 3614 1670 3711 qualem
1722 3614 2085 3701 delineavi,
2134 3616 2408 3690 nullum
2447 3626 2631 3691 certe
2680 3619 2939 3692 habent
2978 3618 3049 3691 in
3096 3618 3291 3693 cultu
3338 3618 3702 3691 horrorem.
3800 3616 4128 3690 Allicient
4186 3617 4415 3715 potius

1397 3755 1606 3829 quam
1659 3731 2102 3804 deterrebunt
2146 3733 2454 3819 eruditos
2473 3793 2493 3821 ,
2545 3735 2667 3832 qui
2711 3736 2784 3809 in
2848 3760 2989 3809 una
3042 3737 3254 3810 altera
3299 3737 3765 3809 doctrinarum
3808 3744 4004 3845 parte
4050 3736 4408 3810 excellunt.

1397 3849 1704 3935 Quodsi,
1753 3848 1844 3922 ad
1884 3875 1966 3924 ea
2005 3851 2283 3939 attenti,
2333 3877 2513 3951 quae
2557 3854 3057 3953 philosophiam
3102 3854 3423 3929 simulare
3466 3856 3719 3942 solent,
3769 3855 4044 3929 hostilia
4088 3856 4413 3931 adversus

1397 3992 1551 4042 eam
1615 3966 1954 4055 induunt,
2029 3994 2318 4069 eamque
2382 3974 2816 4047 contumeliis
2874 3974 3327 4060 insectantur,
3398 3973 3688 4071 injuriae
3758 3974 4064 4047 criminis
4132 3976 4237 4048 rei
4301 3976 4417 4047 vix

1396 4086 1734 4161 videntur.
1810 4088 2162 4162 Naturalis
2200 4114 2378 4188 quae
2416 4092 2773 4167 dicebatur
2809 4093 3237 4192 philosophia
3253 4153 3272 4182 ,
3320 4094 3391 4166 in
3433 4094 3583 4190 ipso
3622 4091 3750 4165 hoc
3792 4094 4061 4167 saeculo
4102 4095 4413 4167 omnium

1389 4206 1530 4280 fere
1567 4230 1877 4281 sermone
1917 4207 2284 4297 celebrata,
2333 4194 2475 4283 imo
2514 4209 2726 4308 janua
2770 4209 2947 4284 dicta
2969 4269 2988 4298 ,
3039 4235 3176 4308 qua
3217 4210 3492 4285 effracta
3533 4216 3604 4283 et
3646 4210 3915 4284 revulsa
3957 4218 4103 4284 tota
4149 4215 4413 4308 pateret

1395 4332 1640 4399 natura
1657 4384 1676 4413 ,
1727 4324 1931 4399 hodie
1971 4326 2238 4401 inutilis
2281 4327 2577 4401 habetur
2618 4328 3102 4425 contemplatio
3120 4387 3140 4416 ,
3190 4353 3367 4426 quae
3414 4328 3836 4427 philosophis
3879 4329 4055 4403 forte
4110 4330 4183 4403 in
4246 4329 4409 4403 deli·

1394 4444 1516 4517 ciis
1559 4468 1708 4517 esse
1745 4452 2012 4541 potest,
2060 4445 2362 4543 physicis
2403 4454 2639 4520 autem
2690 4447 3066 4520 admodum
3118 4470 3290 4521 vana
3346 4456 3451 4521 est
3502 4454 3573 4519 et
3618 4446 3883 4521 sterilis.
3982 4448 4265 4521 Etenim
4308 4448 4370 4519 si
4388 4506 4409 4532 ‚

1399 4570 1477 4634 ut
1517 4562 1604 4634 ab
1646 4562 1798 4658 ipso
1845 4565 2341 4639 Sennnmnmo
2391 4564 2659 4639 dictum
2698 4566 3079 4665 reperimus
3098 4624 3117 4651 ,
3164 4565 3351 4638 illius
3400 4572 3545 4652 est,
3614 4566 3704 4639 ad
3766 4564 3945 4639 hanc
4000 4566 4411 4665 respondere
4460 4638 4467 4647 ,

1397 4678 1864 4775 quaestionem
1883 4738 1902 4767 ,
1950 4706 2122 4756 num
2166 4684 2448 4758 omnino
2496 4685 2863 4758 consistere
2902 4684 3123 4781 possit
3172 4690 3419 4758 natura
3439 4740 3457 4770 ,
3504 4684 3767 4758 nullam
3816 4684 3964 4758 sine
4014 4684 4231 4757 dubio
4275 4683 4409 4757 uti·

1394 4796 1657 4872 litatem
1712 4796 1992 4895 physico
2038 4800 2308 4889 afferet,
2356 4804 2479 4900 qui
2520 4803 2609 4877 ad
2653 4829 3098 4896 φαινομενα
3146 4810 3419 4878 tantum
3465 4802 3793 4890 attendit,
3844 4826 4089 4899 parum
4132 4824 4410 4888 curans,
