4967 6217
1402 718 1527 782 mo
1680 662 1688 673 ’
2472 688 3334 779 ο.Α.ΕΝεοΗΕυὲ

1494 926 1745 1000 Multis
1808 946 1972 997 sane
2026 919 2427 996 nominibus
2465 914 2817 995 meliorem
2861 920 3023 995 licet
3063 917 3406 1019 appellare
3447 922 3878 1014 praesentem
3915 916 4374 993 conditionem
4398 976 4418 1003 ‚

1396 1067 1607 1144 quam
1677 1041 2039 1141 pristinam
2112 1037 2343 1126 illam,
2414 1038 2490 1110 in
2561 1061 2702 1135 qua
2769 1036 2970 1135 plura
3033 1033 3646 1111 animadvertimus
3701 1059 3882 1132 quae
3937 1035 4216 1135 probari
4275 1060 4418 1111 non

1392 1168 1719 1261 possunt,
1785 1181 2083 1258 quorum
2144 1156 2443 1233 reditum
2511 1180 2714 1230 nemo
2782 1154 2980 1231 facile
3046 1152 3403 1255 optaverit.
3505 1156 3757 1228 Annus
3818 1161 4054 1230 autem
4115 1155 4426 1255 superior

1393 1303 1577 1354 unus
1624 1286 1771 1355 erat
1826 1279 1902 1353 in
1956 1277 2198 1379 paucis
2244 1285 2520 1353 nostrae
2568 1274 2958 1352 academiae
3009 1273 3497 1383 faustissimus.
3598 1274 3830 1349 Quem
3877 1296 4097 1372 quum
4155 1274 4422 1374 cogito,

1390 1400 1665 1475 animus
1707 1398 1965 1499 gaudio
2012 1407 2364 1488 movetur,
2414 1395 2604 1495 quod
2645 1420 2689 1471 a
2732 1402 2842 1469 tot
2881 1394 3084 1470 malis
3131 1392 3466 1469 immunis
3507 1398 3616 1467 est
3661 1400 3966 1483 servata,
4015 1393 4204 1493 quod
4243 1394 4422 1469 bona

1386 1517 1686 1616 plurima
1732 1519 1799 1593 ei
1854 1518 2314 1618 contigerunt.
2434 1514 2584 1594 Qui
2645 1521 2976 1603 eventus,
3037 1537 3260 1612 quum
3320 1537 3363 1587 a
3407 1512 3686 1587 nemine
3737 1513 4053 1587 nostrfim
4095 1536 4238 1589 non
4290 1514 4426 1587 Dei

1388 1638 1658 1715 numini
1708 1662 1982 1713 summo
2032 1636 2361 1713 tribuitur
2379 1692 2401 1723 ,
2450 1636 2545 1709 sit
2589 1632 2782 1709 Huic
2827 1656 2954 1732 pro
2999 1631 3137 1707 illis
3185 1630 3536 1707 beneficiis
3585 1630 3736 1707 laus
3753 1689 3774 1720 ,
3821 1631 4056 1710 honor.

1482 1758 1645 1831 Non
1724 1757 2089 1831 minimum
2158 1780 2323 1831 sane
2388 1754 2665 1829 illorum
2728 1752 3069 1827 bonorum
3132 1750 3262 1827 hoc
3323 1756 3429 1827 est
3445 1807 3468 1839 ,
3545 1751 3816 1851 Regem
3887 1775 4039 1827 esse
4115 1754 4380 1829 salvum
4397 1812 4422 1843 ,

1384 1874 1681 1973 patriam
1740 1875 1859 1951 illo
1922 1883 2255 1975 regnante
2316 1898 2485 1973 pace
2546 1871 2686 1947 frui
2745 1870 3123 1971 perrexisse
3187 1895 3268 1946 ac
3325 1869 3639 1945 floruisse
3653 1926 3674 1959 ‚
3723 1877 3906 1945 artes
3958 1878 4031 1946 et
4079 1871 4418 1947 doctrinas

1389 1996 1477 2068 ab
1512 1996 1663 2094 ipso
1700 2020 1953 2094 magno
1988 2002 2061 2069 et
2103 1994 2287 2069 iusto
2322 1991 2544 2093 pretio
2583 1990 2798 2065 fuisse
2841 1988 3114 2066 habitas
3132 2048 3152 2079 ,
3183 2012 3423 2065 earum
3453 1987 3686 2065 studia
3717 1988 3809 2063 ab
3846 1988 3965 2065 illo
3999 1990 4208 2067 fuisse
4239 1996 4416 2069 exci-

1388 2122 1552 2195 tata.
1617 2116 1773 2188 Iam
1806 2121 1967 2189 ante
1998 2138 2161 2189 sane
2182 2114 2338 2187 Rex
2370 2110 2908 2211 augustissimus
2937 2108 3332 2186 ostenderat
3371 2107 3616 2209 quanti
3640 2107 3892 2185 faceret
3919 2109 4421 2187 institutionem

1385 2234 1885 2321 academicam3
1922 2233 2177 2309 iterum
2214 2231 2638 2329 tertiumque
2681 2228 3048 2305 declaravit
3079 2252 3294 2328 quam
3321 2228 3500 2303 bene
3536 2226 3646 2303 his
3679 2226 3888 2302 rebus
3923 2228 4166 2318 vellet,
4205 2255 4422 2329 quum
4467 2236 4480 2249 '

1385 2352 1631 2426 urbem
1682 2360 1987 2426 nostram
2032 2349 2423 2451 praesentia
2454 2373 2584 2424 sua
2630 2348 3014 2423 honoraret.
3111 2346 3262 2448 Ipsi
3299 2346 3487 2421 enim
3527 2346 3922 2423 audivimus
3967 2348 4418 2425 affirmantem

1385 2498 1457 2545 se
1520 2470 1907 2546 academias
1926 2528 1949 2559 ,
2011 2494 2152 2545 non
2218 2467 2445 2548 solum
2511 2475 2948 2557 ornamenta,
3019 2466 3143 2542 sed
3202 2465 3660 2541 fundamenta
3709 2466 4106 2543 existimare
4153 2469 4251 2543 rei
4290 2495 4420 2568 pu-

1384 2592 1600 2665 blicae
1621 2650 1644 2678 ,
1708 2616 1964 2690 easque
2032 2615 2111 2665 se
2171 2596 2652 2665 sustenturum
2719 2602 2794 2663 et
2862 2592 3340 2686 protecturum
3409 2610 3581 2661 esse.
3684 2586 3822 2660 Cui
3864 2588 4328 2685 promissioni,
4357 2602 4418 2664 ’a

1384 2712 1580 2809 Rege
1628 2710 1961 2799 candido,
2012 2710 2458 2809 magnanimo
2504 2707 2851 2807 profectae
2873 2763 2896 2795 ,
2943 2704 3324 2781 maximam
3369 2726 3538 2779 sane
3585 2702 3800 2779 fidem
3849 2702 4206 2781 habemus.

1480 2828 1673 2901 Festi
1744 2826 1849 2901 illi
1905 2827 2091 2917 dies,
2158 2827 2419 2925 quibus
2467 2828 2794 2901 iuventus
2841 2823 3232 2901 academica
3276 2846 3442 2899 cum
3495 2820 3689 2899 urbis
3733 2822 4002 2899 civibus
4049 2826 4418 2902 decertaret

1382 2948 1455 3019 in
1508 2947 1765 3020 honore
1810 2953 1885 3021 et
1920 2970 2152 3021 amore
2192 2947 2464 3045 Regem
2508 2944 3027 3046 prosequendo,
3076 2943 3200 3018 diu
3241 2943 3612 3019 memoriae
3659 2942 4142 3023 inhaerebunt.
4237 2948 4424 3023 Mihi

1382 3074 1565 3141 certe
1630 3066 1932 3141 maxime
1992 3063 2459 3141 memorabilis
2509 3064 2626 3139 ille
2681 3072 2788 3140 est
2835 3062 3016 3153 dies,
3081 3086 3224 3161 quo
3283 3062 3452 3137 Rex
3519 3063 3861 3162 templum
3915 3066 4424 3155 academicum,

1383 3210 1663 3272 musea,
1688 3184 2283 3274 bibliothecam,
2354 3184 2638 3259 hortum
2702 3181 3104 3259 botanicum
3165 3180 3510 3273 visitavit,
3579 3182 3852 3283 singula
3913 3182 4028 3261 illa
4099 3194 4417 3261 accurate

1382 3305 1749 3402 inspiciens
1762 3360 1783 3393 ‚
1854 3304 1943 3380 de
2014 3303 2259 3380 multis
2314 3302 2528 3379 rebus
2587 3301 2808 3402 perite
2873 3301 3192 3377 iudicans
3213 3356 3235 3392 ,
3301 3326 3348 3389 a
3396 3302 3610 3393 loeis,
3671 3302 3796 3378 ubi
3847 3303 4164 3380 lubenter
4225 3330 4412 3382 com-

1380 3424 1631 3499 morari
1680 3424 2077 3513 videbatur,
2126 3422 2488 3499 discedens
2501 3480 2530 3512 ,
2572 3422 2672 3499 ita
2720 3430 2804 3497 ut
2855 3420 3500 3499 benevolentissime
3541 3423 3907 3499 affirmaret
3953 3424 4230 3524 egregie
4285 3426 4416 3500 sibi

1380 3542 1758 3639 placuisse,
1827 3550 1897 3619 et
1952 3543 2279 3619 instituta
2335 3550 2573 3618 nostra
2637 3540 2905 3629 omnia,
2973 3548 3047 3616 et
3103 3540 3442 3617 rationem
3501 3565 3644 3641 qua
3693 3543 3930 3643 ipsum
3991 3544 4417 3644 excepissent

1380 3664 1561 3735 cives
1626 3662 2020 3741 academici.
2140 3662 2336 3740 Quid
2407 3668 2643 3737 autem
2717 3652 2944 3735 dicam
3011 3659 3100 3735 de
3167 3660 3460 3751 honore,
3529 3685 3672 3760 quo
3737 3684 3852 3737 me
3917 3662 4233 3738 ornavit?
4337 3666 4410 3737 Is

1383 3780 1607 3876 qualis
1668 3778 1921 3870 fuerit,
1992 3779 2278 3855 novistis
2338 3803 2600 3855 omnes.
2721 3776 2874 3857 Ubi
2926 3800 3158 3915 rerum
3225 3779 3618 3856 testimonia
3678 3779 3972 3871 adsunt,
4037 3805 4174 3857 non
4231 3806 4412 3881 opus

1380 3906 1487 3972 est
1536 3924 1575 3971 v
1580 3899 1780 3975 erbis,

1475 4020 1710 4095 Nemo
1776 4020 2142 4119 quisquam
2211 4044 2377 4096 sane
2440 4019 2666 4119 magis
2739 4020 2975 4095 testari
3038 4026 3312 4120 potest,
3377 4044 3519 4121 quo
3558 4021 3707 4097 loco
3757 4023 3911 4097 Rex
3955 4020 4353 4099 habeatur
4333 4046 4408 4096 ιιι

1292 4170 1301 4183 ·
1380 4139 1747 4238 provinciis
1823 4164 2046 4239 nuper
2125 4138 2215 4217 ab
2288 4164 2371 4214 eo
2439 4138 2734 4215 visitatis
2755 4198 2776 4229 ,
2853 4148 3188 4240 quantam
3269 4138 3480 4215 fidem
3555 4140 3738 4217 cives
3811 4141 3886 4219 in
3955 4164 4040 4218 eo
4116 4149 4414 4241 ponant,

1378 4267 1803 4359 quantopere
1860 4283 1979 4335 eos
2044 4258 2179 4335 sibi
2236 4256 2660 4348 devinxerit,
2729 4282 2940 4357 quam
3007 4260 3133 4333 viri
3192 4259 3710 4360 spectatissimi,
3775 4260 4228 4351 nobilissimi,
4292 4264 4410 4363 qui

1382 4378 1947 4477 augustissimam
1998 4378 2149 4455 eius
2194 4401 2560 4478 personam
2601 4376 2676 4453 in
2728 4377 2838 4453 his
2881 4377 3282 4478 regionibus
3321 4386 3858 4480 repraesentant.
3955 4382 4118 4456 Non
4163 4406 4405 4481 parum

1382 4520 1546 4570 sane
1618 4498 1753 4597 ipsi
1824 4497 2267 4573 contulerunt
2332 4504 2413 4571 ut
2476 4497 2630 4571 eius
2703 4520 2998 4597 regnum
3061 4497 3371 4574 faustum
3431 4506 3648 4591 esset,
3717 4502 3888 4601 quin
3947 4500 4262 4601 quotidie
4315 4502 4408 4577 ita

1380 4616 1601 4690 facere
1662 4624 1985 4715 pergunt.
2082 4614 2217 4693 Illa
2278 4640 2439 4691 vero
2503 4614 2656 4692 laus
2714 4618 2876 4693 Tibi
2933 4642 3214 4719 quoque
3263 4616 3596 4709 debetur,
3645 4618 3749 4695 vir
3799 4621 4236 4721 gravissime!
4285 4622 4406 4721 qui

1384 4733 1637 4808 Curiae
1679 4734 2165 4869 Groninganae
2213 4759 2289 4812 es
2330 4758 2625 4835 praeses.
2725 4738 3152 4837 Magnopere
3210 4738 3600 4838 gaudemus
3647 4738 3962 4817 laborum
4005 4740 4405 4876 comproba·

1382 4853 1611 4941 tione,
1680 4876 1857 4951 quae
1932 4853 2073 4927 viro
2134 4852 2562 4933 nobilissimo
2627 4878 2775 4931 van
2836 4856 3184 4937 Lurstme
3253 4858 3579 4949 snam,
3641 4858 3998 4959 Vobisque
4067 4861 4196 4939 viri
4261 4884 4411 4933 am·
