4967 6217
1774 728 2343 795 ORATIO..
3513 732 3594 797 73

554 960 775 1035 quum
822 960 1060 1010 eorum
1102 933 1477 1009 orationem
1517 933 1607 1007 ad
1648 958 2013 1011 commune
2067 935 2408 1034 judicium
2456 938 2999 1036 popularemque
3059 936 3586 1036 intelligentiam

553 1054 1206 1131 accommodandam
1248 1078 1397 1127 esse
1439 1052 1630 1145 dico,
1676 1054 1859 1133 illud
1904 1055 2165 1152 cogito,
2214 1080 2490 1130 necesse
2544 1081 2692 1129 esse
2714 1115 2733 1144 ‚
2801 1064 2882 1131 ut
2935 1057 3229 1131 indoctis
3283 1056 3585 1129 scribant

553 1184 624 1247 et
669 1174 759 1248 ab
800 1174 1125 1249 omnibus
1172 1173 1675 1270 intelligantur,
1724 1197 1963 1245 verum
2009 1173 2137 1245 hoc
2185 1197 2407 1246 unum
2427 1231 2446 1260 ‚
2498 1181 2578 1246 ut
2635 1200 2788 1249 eam
2841 1176 3324 1250 tantummodo
3371 1175 3586 1248 animi

552 1292 1005 1367 attentionem
1070 1292 1351 1389 exigant
1370 1348 1390 1377 ‚
1458 1313 1635 1386 quae
1696 1290 1851 1388 jure
1914 1290 2003 1364 ab
2066 1291 2391 1365 omnibus
2454 1294 2881 1389 postulatur,
2952 1296 3074 1393 qui
3137 1294 3588 1395 cogitationes

558 1435 717 1486 suas
764 1411 1003 1485 ordine
1053 1410 1412 1507 disponere
1465 1407 1711 1483 solent.

652 1531 1037 1605 Audivistis
1088 1530 1304 1627 igitur
1321 1531 1351 1615 ,'
1392 1527 1564 1625 quid
1608 1527 2108 1626 philosophiam
2146 1530 2532 1629 intelligam
2579 1555 2902 1628 quaeque
2949 1530 3041 1605 sit
3087 1531 3307 1631 ipsius
3351 1532 3586 1606 oratio,

556 1650 695 1724 Vix
740 1674 915 1748 opus
955 1655 1095 1734 est,
1150 1655 1228 1721 ut
1271 1647 1493 1722 multa
1530 1647 1802 1722 addam.
1905 1650 2133 1723 Causa
2172 1649 2411 1723 vicisse
2450 1650 2598 1749 jam
2641 1650 2926 1736 videor,
2961 1650 3232 1725 etiamsi
3279 1675 3592 1749 perorare

556 1794 885 1843 recusem.
989 1768 1145 1841 Hoc
1218 1768 1474 1841 seilicet
1542 1766 1713 1840 mihi
1766 1792 2172 1865 persuasum
2237 1775 2382 1854 est,
2449 1775 2676 1841 vestro
2722 1765 3038 1839 omnium
3107 1767 3370 1865 judicio
3418 1767 3595 1843 hanc

557 1886 990 1984 disciplinam
1012 1944 1030 1974 ,
1081 1887 1281 1985 cujus
1326 1886 1627 1984 origines
1678 1886 1871 1959 vobis
1912 1886 2323 1972 monstravi,
2376 1910 2514 1959 non
2557 1886 2971 1983 improbari,
3023 1910 3263 1959 verum
3306 1887 3598 1959 summis

555 2006 783 2079 ornari
837 2005 1182 2080 laudibus,
1284 2006 1489 2079 Hanc
1530 2003 1677 2079 sine
1726 2002 1940 2076 dubio
1988 2028 2127 2076 non
2174 2003 2265 2076 ad
2315 2004 2700 2075 Germanos
2747 2000 3190 2099 rejiciendam
3235 2026 3386 2075 esse
3435 2028 3592 2077 oen·

560 2126 763 2213 setis3
815 2151 903 2199 ex
952 2126 1213 2224 injusto
1267 2125 1503 2199 exsilio
1554 2125 1625 2197 in
1676 2122 1968 2221 patriam
2018 2124 2193 2196 hanc
2245 2121 2576 2195 revocatis
2599 2178 2618 2208 ,
2670 2128 2880 2217 atque
2947 2122 3137 2193 omni
3192 2121 3598 2217 postliminii

552 2244 709 2342 jure
756 2244 1063 2332 donatis,
1114 2244 1186 2318 in
1223 2268 1463 2342 parem
1491 2243 1667 2343 juris
1706 2242 2180 2339 libertatisque
2220 2240 2687 2315 conditionem
2726 2264 2888 2313 cum
2925 2240 3206 2337 reliquis
3248 2241 3594 2315 humanae

558 2362 881 2436 scientiae
934 2363 1250 2461 partibus
1297 2388 1451 2437 eam
1480 2358 1921 2461 'recipientes
2024 2361 2219 2439 Quid
2271 2362 2512 2434 enim?
2609 2360 2918 2433 Hoccine
2970 2361 3391 2433 Batavorum
3439 2384 3594 2457 pro·

556 2479 785 2579 prium
832 2482 923 2555 sit
942 2540 961 2569 ‚
1014 2482 1322 2579 singulas
1370 2484 1655 2582 quidem
1699 2482 2043 2555 doctrinas
2092 2506 2365 2554 summo
2414 2479 2630 2553 animi
2677 2478 2916 2551 ardore
2963 2478 3266 2551 excolere
3287 2536 3305 2565 ,
3357 2500 3596 2551 earum

554 2624 713 2675 vero
766 2600 1320 2699 conjunctionem
1382 2602 1573 2675 omni
1636 2601 1869 2675 studio
1928 2601 2199 2673 arcere?
2296 2600 2492 2671 Num
2562 2597 3014 2684 astronomia,
3085 2597 3552 2696 φυσιολογια
3577 2655 3595 2683 ,

558 2718 863 2807 chemia,
939 2719 1287 2808 botanice,
1360 2714 1692 2795 mathesis
1775 2718 1982 2793 etiam
2004 2776 2023 2805 ,
2102 2718 2177 2790 in
2247 2716 2624 2791 Hollandia
2705 2716 3089 2817 florebunt3
3165 2716 3598 2813 philosophia

558 2845 791 2911 autem
812 2896 831 2925 ‚
882 2862 1061 2937 quae
1108 2863 1233 2936 per
1278 2846 1497 2912 totam
1541 2844 1861 2911 naturam
1908 2837 2182 2910 easdem
2229 2837 2413 2935 leges
2459 2834 2844 2920 observari,
2891 2834 3276 2931 intimoque
3325 2833 3600 2911 vinculo

559 2980 799 3031 omnes
850 2955 1071 3057 ipsius
1110 2964 1343 3055 partes
1400 2956 1758 3031 cohaerere
1812 2956 2116 3028 ostendit
2135 3013 2156 3043 ‚
2218 2954 2514 3053 turpiter
2570 2953 2885 3051 neglecta
2940 2952 3254 3052 jacebit?
3353 2952 3548 3030 Quid
3568 2959 3600 3025 'r’

564 3073 1017 3148 humanitatis
1061 3072 1293 3147 studia
1311 3132 1330 3161 ‚
1380 3073 1452 3147 in
1504 3073 1760 3171 quibus
1820 3072 2111 3172 majores
2159 3073 2376 3148 nostri
2422 3072 2928 3159 excelluerunt,
2977 3072 3208 3145 locum
3267 3096 3476 3146 suum
3499 3140 3512 3151 .
3532 3082 3604 3145 et

554 3193 765 3267 decus
800 3191 991 3291 apud
1030 3216 1159 3265 nos
1198 3192 1629 3265 tuebuntur?
1714 3191 2121 3290 Theologia,
2166 3191 2746 3291 jurisprudentia,
2785 3191 3202 3289 reipublicae
3246 3192 3593 3289 gerendae

552 3310 727 3385 ratio
776 3319 848 3384 et
898 3310 1303 3412 prudentia,
1352 3311 1807 3409 sempiternae
1854 3311 2109 3409 gloriae
2156 3314 2455 3386 Batavos
2516 3310 2996 3385 commendare
3056 3319 3350 3410 pergent
3365 3344 3384 3398 ;
3437 3312 3592 3409 phi-

555 3428 865 3527 losophia
916 3436 1187 3516 autem,
1255 3453 1433 3526 qnae
1486 3427 1562 3501 in
1624 3428 1955 3527 religione
1973 3487 1993 3516 ,
2058 3430 2133 3502 in
2176 3430 2331 3527 jure
2350 3488 2370 3517 ,
2438 3431 2514 3503 in
2581 3429 2766 3503 civili
2837 3429 3136 3518 ratione,
3207 3431 3283 3503 in
3347 3430 3596 3504 litteris

558 3547 765 3620 etiam
785 3603 806 3632 ‚
855 3545 1043 3619 idem
1083 3553 1357 3620 nostrae
1403 3546 1633 3644 gentis
1678 3546 2039 3646 ingenium
2088 3548 2371 3647 reperiri
2430 3548 2665 3635 docet,
2716 3555 3196 3621 contemnetur
3257 3549 3592 3649 omnique

560 3664 891 3738 afficietur
936 3664 1371 3765 ignominia?
1467 3665 1751 3741 Nemini
1804 3674 2107 3740 vestrum
2168 3667 2573 3765 hujusmodi
2619 3666 2792 3764 quid
2851 3666 2927 3739 in
2986 3674 3294 3741 mentem
3365 3670 3594 3743 venire

560 3783 807 3881 potuit.
910 3782 985 3856 Si
1036 3783 1538 3881 philosophiam
1600 3784 1987 3885 vituperare
2038 3786 2191 3859 ausi
2235 3786 2500 3874 fuistis,
2565 3810 2720 3861 eam
2781 3785 3251 3875 intellexistiS,
3320 3814 3500 3887 quae
3549 3818 3591 3864 a

560 3902 733 3978 veris
772 3901 981 3976 rebus
1022 3903 1113 3977 ad
1158 3901 1372 3990 ι’δεας
1420 3903 1682 3979 evolare
1723 3912 2041 3992 conatur,
2092 3892 2219 3980 nec
2271 3906 2524 3980 ducem
2587 3905 2900 4003 sequitur
2945 3909 3366 4006 ἐμπειριαν.
3470 3910 3588 3983 Ad

562 4022 739 4096 hano
788 4028 1057 4109 autem,
1108 4047 1321 4120 quam
1368 4022 1563 4097 vobis
1616 4023 1989 4111 delineavi,
2036 4048 2177 4098 non
2224 4024 2655 4112 attendistis}
2706 4024 2908 4112 haec,
2963 4026 3250 4100 simulac
3297 4027 3618 4102 formam‘

562 4138 781 4240 ipsius
817 4149 889 4212 et
930 4148 1288 4239 tamquam
1327 4141 1573 4216 faeiem
1614 4142 1861 4216 videtis
1879 4202 1900 4232 ,
1948 4144 2298 4218 mirabiles
2340 4144 2413 4219 in
2456 4144 2688 4217 animo
2731 4153 2956 4218 vestro
3013 4170 3280 4219 amores
3316 4148 3586 4221 excitat.

565 4258 716 4331 Neo
768 4258 955 4332 enim
1008 4259 1387 4357 quidquam
1436 4261 1627 4336 aliud
1670 4269 1777 4335 est
1819 4270 2089 4360 praeter
2128 4263 2442 4338 studium
2486 4263 2894 4361 sapientiae3
2947 4263 3282 4362 sapientia
3321 4274 3591 4351 autem,

566 4382 647 4449 ut
692 4400 737 4449 a
781 4375 1124 4451 veteribus
1183 4378 1607 4479 philosophis
1666 4379 2031 4455 definitum
2078 4390 2220 4470 est,
2266 4407 2501 4456 rerum
2559 4381 2948 4456 divinarum
3013 4390 3084 4455 et
3134 4376 3593 4457 humanarum

568 4518 1071 4591 causarumque
1090 4552 1110 4583 ,
1180 4496 1437 4594 quibus
1488 4524 1615 4591 eae
1680 4498 2148 4586 continentur,
2218 4500 2523 4577 scientia.
2625 4500 2840 4574 Nulla
2903 4525 3062 4599 pars
3122 4501 3274 4599 ejus
3331 4502 3594 4577 inculta

568 4637 648 4688 ae
692 4612 965 4687 deserta
1008 4622 1152 4702 est3
1204 4616 1436 4691 omnia
1485 4617 1635 4715 ejus
1676 4626 2037 4715 praecepta
2083 4617 2175 4691 ad
2219 4619 2434 4693 vitam
2476 4618 2899 4707 referuntur;
2947 4619 3276 4719 frugifera
3322 4628 3468 4695 tota
3523 4631 3594 4695 et

570 4733 921 4807 fructuosa
939 4790 959 4820 ,
1010 4733 1125 4807 cui
1172 4734 1295 4832 qui
1334 4743 1570 4833 pareat
1615 4760 1819 4809 omne
1860 4742 2137 4835 tempus
2176 4737 2421 4811 aetatis
2472 4736 2620 4811 sine
2669 4736 2986 4812 molestia
3039 4737 3257 4837 possit
3319 4740 3588 4839 degere.

569 4852 871 4951 Pergant
914 4849 1129 4951 igitur
1178 4852 1493 4930 homines
1538 4855 1755 4929 nostri
1804 4854 1875 4927 in
1926 4880 2079 4931 eam
2126 4855 2524 4931 incumbere
2539 4888 2559 4946 ς
2608 4857 2876 4957 pergite
2926 4858 3244 4959 juvenes!
3296 4859 3592 4960 philoso-

1342 4978 1357 5018 '
3129 4981 3216 5051 10
