4967 6217
1418 685 1501 749 72
2491 683 2558 749 c,
2627 682 2704 748 e.
2776 640 3416 747 orzoomnn'

1416 888 1818 987 hujusmodi
1866 886 2289 986 philosophis
2340 886 2676 985 plurimos
2741 912 2998 961 errores
3057 913 3136 963 ac
3196 886 3698 986 praejudicatas
3757 887 4112 986 opiniones
4175 912 4441 964 eversas

1416 1032 1567 1080 esse
1630 1032 1875 1105 negem
1895 1064 1913 1094 ,
1976 1030 2214 1079 verum
2273 1006 2403 1079 hoc
2472 1006 2681 1081 etiam
2735 1008 3076 1080 contendo
3095 1066 3114 1094 ‚
3181 1030 3457 1081 omnem
3525 1031 3679 1081 eam
3747 1007 4116 1081 utilitatem
4138 1064 4159 1093 ,
4228 1031 4434 1105 quam

1414 1124 1697 1200 maximi
1747 1150 1911 1197 sane
1950 1124 2156 1211 facin,
2204 1149 2344 1198 non
2395 1150 2482 1199 ex
2537 1125 2751 1199 sterili
2811 1126 3120 1223 ipsorum
3183 1124 3614 1224 philosophia
3633 1184 3652 1213 ,
3719 1150 3958 1199 verum
4022 1151 4110 1199 ex
4173 1126 4434 1211 critica,

1412 1268 1550 1341 qua
1590 1242 1799 1318 simul
1831 1243 2074 1341 inclyti
2110 1242 2423 1331 fuerunt,
2475 1251 2620 1317 arte
2659 1244 2950 1342 petitam
2988 1269 3158 1319 esse.
3261 1244 3408 1323 Qui
3440 1244 3743 1317 multum
3781 1244 3854 1317 in
3891 1243 4098 1317 rebus
4141 1247 4433 1319 externis

1410 1362 1631 1436 valere
1712 1362 1905 1461 cupit
1979 1361 2068 1435 ab
2141 1387 2223 1435 eo
2282 1363 2600 1461 incipiat,
2673 1372 2756 1437 ιιι
2814 1388 3053 1439 earum
3123 1364 3587 1438 conditionem
3607 1421 3625 1449 ,
3702 1370 3784 1435 ut
3849 1362 4194 1437 mundum
4253 1363 4434 1437 hunc

1408 1482 1789 1571 oec’o‘Omov
1830 1481 2111 1580 penitus
2153 1490 2520 1579 cognoscat
2571 1491 2642 1556 et
2682 1482 2948 1571 omnia,
2993 1483 3252 1581 quibus
3310 1483 3414 1556 uti
3461 1482 3714 1579 possit,
3767 1482 4116 1579 explorata
4160 1480 4429 1556 habeat.

1404 1602 1479 1673 Is
1524 1600 1710 1673 enim
1764 1600 2069 1698 optimus
2121 1599 2249 1672 erit
2293 1601 2778 1698 philosophae,
2847 1601 2970 1699 qui
3027 1602 3359 1701 plurimas
3421 1600 3816 1699 disciplinas
3877 1608 4188 1674 accurate
4249 1608 4436 1673 tenet

1401 1722 1624 1819 iisque
1678 1720 1940 1819 ingenii
1988 1720 2269 1815 dotibus
2316 1721 2621 1808 excellit,
2671 1745 2850 1819 quae
2890 1722 2963 1794 in
3008 1721 3372 1820 disjunctis
3416 1728 3624 1822 atque
3670 1719 3993 1817 dispersis
4036 1720 4432 1817 colligandis

1401 1850 1797 1913 cernuntur.
1899 1839 2046 1916 Qui
2099 1864 2338 1912 omnes
2401 1840 2744 1913 doctrinas
2792 1848 3024 1914 mente
3093 1864 3218 1915 sua
3281 1840 3642 1937 complecti
3707 1839 3950 1937 nequit
4013 1838 4280 1936 aliquas
4349 1865 4428 1912 ex

1401 1960 1486 2032 iis
1534 1959 1778 2057 eligat,
1829 1982 2006 2055 quae
2056 1959 2310 2031 arctius
2355 1958 2538 2031 inter
2567 1984 2656 2032 se
2702 1959 3104 2046 cohaerent,
3157 1984 3282 2033 seu
3327 1958 3644 2057 physicas
3693 1957 3908 2056 igitur
3951 1982 4072 2030 seu
4123 1958 4428 2032 morales.

1400 2076 1557 2150 Hoc
1626 2085 1861 2151 autem
1914 2078 2393 2175 unusquisque
2458 2077 2755 2175 cogitet,
2823 2101 3018 2163 eum,
3091 2076 3214 2174 qui
3275 2074 3666 2173 philosophi
3731 2083 3958 2173 partes
4015 2099 4220 2171 agere
4277 2076 4432 2149 velit

1399 2196 1546 2267 sine
1610 2195 1913 2293 perfecta
1980 2195 2496 2293 completaque,
2569 2202 2911 2291 quantum
2983 2195 3326 2268 humanae
3397 2196 3572 2267 vires
3639 2194 3942 2280 valeant,
4015 2193 4432 2295 diversarum

1332 2324 1343 2393 ,’
1397 2313 1914 2411 disciplinarum
1965 2314 2247 2402 notitia,
2298 2314 2889 2413 praestigiatorem
2935 2340 3118 2401 esse,
3171 2314 3294 2411 qui
3342 2314 3644 2410 primum
3707 2338 3781 2385 se
3807 2313 4020 2409 ipse,
4071 2320 4226 2385 tum
4267 2312 4432 2386 alios

1394 2433 1601 2505 etiam
1649 2433 1962 2531 decipere
2010 2440 2315 2507 conatur.
2417 2434 2512 2506 Et
2557 2458 2646 2507 ne
2699 2432 2855 2531 quis
2901 2440 3136 2531 putet,
3187 2433 3564 2549 extinctam
3616 2456 3766 2506 esse
3816 2456 4055 2504 eorum
4117 2442 4429 2530 gentem,

1393 2552 1671 2626 inanem
1720 2577 1929 2649 quam
1972 2559 2349 2626 tenuerunt
2386 2552 2671 2651 regiam.
2773 2551 2890 2626 Illi
2933 2552 3251 2650 quidem,
3303 2542 3426 2652 qui
3469 2552 3542 2626 in
3581 2551 3914 2625 naturalis
3964 2550 4434 2649 philosophiae

1394 2669 1625 2743 studio
1672 2670 1910 2742 florere
1971 2670 2379 2743 dicebantur
2398 2730 2417 2758 ‚
2470 2671 2666 2745 tenui
2721 2669 2972 2744 nostris
3035 2672 3468 2769 temporibus
3532 2671 3938 2745 auctoritate
4004 2679 4188 2743 sunt.
4283 2669 4430 2741 Nec

1390 2789 1491 2862 illi
1539 2786 1863 2861 laudibus
1920 2788 2339 2877 efferuntur,
2391 2790 2515 2887 qui
2563 2790 2922 2864 simulatae
2970 2790 3090 2863 isti
3139 2790 3316 2888 juris
3374 2789 3845 2890 philosophiae
3904 2814 4184 2887 operam
4243 2787 4428 2861 dant.

1392 2906 1657 2980 Verum
1722 2907 1883 2979 novi
1945 2907 2357 2981 exstiterunt
2438 2909 2752 2982 homines
2772 2968 2791 2995 ,
2863 2909 3019 3006 qui,
3094 2916 3248 2982 tum
3321 2909 3646 2983 historiae
3710 2916 3862 2981 tum
3931 2906 4200 3005 publici
4266 2904 4436 3005 juris

1387 3025 1765 3099 admodum
1802 3026 2139 3124 imperiti,
2186 3028 2273 3099 de
2317 3026 2592 3102 civitate
2639 3038 2873 3102 tamen
2923 3028 3326 3127 optimaque
3371 3028 3522 3127 ejus
3564 3027 3783 3100 forma
3827 3024 4435 3124 philosophantur,

1388 3154 1458 3215 ct
1524 3144 1977 3243 singularem,
2027 3151 2108 3218 ut
2175 3172 2339 3245 prae
2410 3173 2483 3221 se
2543 3148 2776 3222 ferunt
2799 3207 2818 3236 ,
2869 3148 3220 3245 quandam
3281 3173 3594 3222 summae
3642 3144 4072 3247 perfectionis
4127 3144 4428 3241 speciem

1383 3264 1614 3337 animo
1663 3271 1734 3337 et
1780 3271 2013 3338 mente
2056 3264 2540 3355 informanteS‚
2591 3266 2824 3340 omnia
2861 3266 2952 3339 ad
2995 3266 3214 3363 ipsius
3257 3264 3554 3363 effigiem
3597 3263 3952 3360 disponere
3999 3268 4068 3332 et
4113 3258 4426 3357 digerere

1388 3383 1705 3470 student,
1756 3384 1945 3457 nulla
1990 3410 2217 3483 neque
2261 3391 2652 3485 temporum
2701 3410 2924 3484 neque
2971 3384 3446 3458 conditionum
3498 3383 3762 3457 ratione
3835 3380 4084 3454 habita.
4179 3378 4428 3477 Negli-

1386 3510 1565 3599 gunt
1634 3504 1818 3577 enim
1893 3503 2224 3578 sublimes
2287 3504 2403 3578 isti
2472 3511 2878 3603 nugatores,
2934 3503 3126 3578 'hanc
3204 3528 3482 3602 quoque
3549 3501 3982 3599 disciplinam
3995 3558 4013 3583 ,
4087 3522 4269 3595 quae
4343 3500 4436 3571 ad

1392 3620 1659 3693 civilem
1716 3612 2050 3694 rationem
2112 3622 2410 3719 pertinet
2430 3681 2449 3710 ,
2513 3623 2611 3697 ita
2661 3624 2749 3697 ab
2799 3626 3160 3723 ἕμπειριᾳ
3207 3623 3508 3722 pendere
3527 3680 3548 3709 ,
3606 3629 3690 3694 ut
3706 3680 3724 3707 ,
3776 3617 3965 3717 quod
4027 3643 4070 3689 a
4129 3617 4430 3689 BAconn

1396 3738 1630 3811 minus
1668 3739 1950 3836 quidem
2004 3740 2215 3814 latine
2234 3799 2253 3828 ,
2306 3742 2431 3815 sed
2471 3750 2656 3853 recte
2705 3748 2937 3815 tamen
2979 3742 3245 3833 dictum
3294 3742 3674 3842 reperimus
3691 3798 3709 3825 ,
3769 3768 3804 3806 n
3821 3739 4000 3813 circa
4041 3735 4428 3834 subjectum

1396 3863 1733 3945 versetur,
1773 3857 1961 3955 quod
2002 3866 2428 3934 caeterorum
2466 3861 2780 3935 omnium
2817 3861 3116 3935 maxime
3145 3869 3251 3936 est
3286 3861 3612 3936 materiae
3649 3859 4056 3932 immersum
4075 3914 4092 3943 ,
4135 3854 4426 3951 ideoque

1394 3975 1787 4049 difficillime
1837 3978 1927 4052 ad
1976 3978 2319 4053 axiomata
2364 3980 2786 4056 reducitur.’'

1494 4094 1571 4166 Si
1612 4120 1769 4169 vera
1816 4104 2013 4184 sunt,
2062 4098 2149 4172 A.
2188 4098 2312 4187 A.,
2360 4122 2540 4197 quae
2585 4098 3124 4197 disputavimus,
3175 4098 3346 4195 quid
3385 4098 3472 4171 de
3517 4094 4082 4195 philosophorum
4121 4091 4424 4165 oratione

1390 4221 1459 4286 et
1506 4213 1855 4289 vocabulis
1894 4216 2353 4313 judicandum
2404 4218 2535 4304 sit,
2587 4217 2844 4351 quibus
2889 4224 3185 4291 utuntur
3247 4214 3446 4314 quasi
3504 4214 3786 4314 privatis
3850 4239 3929 4287 ac
3997 4212 4175 4299 suis,
4227 4208 4422 4284 facile

1388 4358 1475 4407 ex
1524 4334 1607 4406 iis
1648 4334 2011 4434 colligitur.
2112 4336 2280 4410 Post
2326 4335 2748 4413 ΚΑΝιιιιιι
2728 4336 3066 4435 imprimis
3109 4320 3282 4410 adeo
3325 4334 3682 4409 horridum
3739 4341 3810 4407 et
3859 4332 4234 4407 barbarum
4289 4328 4420 4403 fuit

1386 4476 1625 4526 eorum
1664 4453 1939 4527 dicendi
1982 4478 2237 4554 genus,
2290 4461 2372 4528 ut
2418 4454 2510 4528 ad
2557 4479 2677 4542 ea,
2727 4479 2907 4571 quae
2964 4452 3208 4530 litteris
3257 4454 3771 4541 mandaverint,
3819 4452 4166 4551 plerisque
4211 4450 4416 4524 etiam

1388 4570 1807 4645 doctioribus
1851 4572 2021 4647 viris·
2060 4574 2291 4648 aditus
2335 4573 2450 4649 vix
2489 4582 2743 4673 pateat.
2843 4576 3093 4649 Errant
3137 4582 3371 4649 autem
3385 4632 3404 4662 ,
3452 4574 3574 4672 qui
3637 4574 3731 4647 ad
3788 4572 3974 4646 hunc
4033 4590 4415 4645 sermonem

1306 4758 1311 4765 .
1384 4686 1697 4785 alligatos
1756 4714 1871 4763 eos
1917 4701 2259 4768 censeant.
2363 4694 2510 4771 Qui
2549 4695 2621 4767 in
2669 4694 2916 4768 iisdem
2960 4694 3170 4768 rebus
3216 4702 3573 4797 versantur
3591 4751 3609 4779 ,
3655 4693 3732 4765 in
3797 4691 4052 4790 quibus
4111 4694 4416 4763 caeterae

1386 4806 1785 4904 disciplinae
1827 4818 2195 4909 occupatae
2238 4820 2441 4902 sunt,
2493 4798 2630 4888 non
2671 4823 2777 4888 est
2799 4872 2819 4901 ‚
2868 4814 3058 4911 quod
3098 4814 3250 4887 aliis
3308 4820 3598 4915 utantur
3644 4812 3889 4885 verbis.
3991 4810 4143 4883 Nec
4186 4806 4369 4881 enim
4393 4862 4416 4889 ,
