4967 6217
1798 715 2348 797 ORATIO.
2699 706 2712 717 ’
3455 722 3580 787 111

563 926 777 1005 Quod
832 932 1067 999 autem
1123 922 1423 997 maxime
1490 946 1655 999 eum
1718 924 1969 1013 movit,
2038 931 2121 998 ut
2180 921 2494 1022 publicas
2547 924 2888 999 eiusmodi
2930 924 3211 1000 haberet
3254 924 3577 1000 lectiones

566 1054 639 1136 (a
684 1026 941 1143 quibus
980 1044 1157 1117 forte
1198 1043 1567 1117 ostentatio
1609 1044 1951 1140 quaedam
2000 1068 2140 1117 non
2176 1067 2455 1141 prorsus
2495 1042 2803 1135 aberat),
2841 1044 3192 1143 probabile
3237 1052 3382 1119 erat
3418 1044 3577 1119 hoc:

559 1164 820 1239 scilicet
879 1164 1127 1251 voluit,
1187 1170 1265 1235 ut
1326 1162 1460 1249 illi,
1530 1162 1654 1258 qui
1714 1186 1877 1235 eum
1932 1162 2147 1259 copiis
2198 1163 2666 1237 instruxerant
2721 1169 2802 1237 ut
2851 1162 3318 1261 experimenta
3361 1164 3580 1238 facere

471 1320 485 1343 ·
561 1291 827 1384 posset,
877 1283 1125 1359 horum
1194 1288 1567 1354 eventuum
1594 1276 2167 1359 'memorabilium
2224 1289 2436 1355 testes
2484 1282 2620 1380 ipsi
2683 1290 2912 1355 essent
2959 1282 3288 1357 oculares.
3390 1281 3582 1361 Quin

563 1404 625 1477 si
691 1402 865 1501 quid
936 1400 1407 1475 excusandum
1480 1398 1595 1473 hic
1661 1399 2011 1489 videatur,
2086 1399 2337 1474 addere
2399 1400 2595 1488 licet,
2631 1424 2858 1487 -eum,
2935 1400 3198 1475 scholas
3243 1402 3583 1475 eiusmodi

564 1521 903 1597 solemnes
956 1518 1307 1604 habendo,
1354 1541 1494 1591 non
1564 1516 1700 1594 nisi
1748 1517 1899 1591 aevi
1957 1516 2066 1591 sui
2118 1519 2295 1591 mori
2340 1518 2754 1593 obsecutum
2802 1540 2990 1605 esse3
3041 1520 3300 1617 quippe
3347 1527 3580 1595 anato-

564 1652 713 1717 'mes
780 1638 1125 1738 professor
1180 1637 1467 1710 ‘nullum
1534 1635 1831 1711 hominis
1848 1694 1868 1724 ,
1944 1637 2115 1737 qui'n
2194 1662 2282 1711 ne
2351 1641 2540 1711 canis
2615 1637 2900 1737 quidem
2919 1695 2938 1724 ‚
3009 1637 3298 1711 cadaver
3360 1663 3584 1715 secare

564 1758 866 1845 solebat,
928 1756 1098 1854 quin
1160 1756 1251 1831 ad
1310 1756 1537 1829 valvas
1592 1754 1983 1829 academiae
2043 1761 2389 1829 curatores
2408 1812 2427 1843 ,
2486 1779 2798 1854 proceres
2813 1812 2833 1842 ,
2899 1754 3310 1852 professores
3329 1814 3348 1843 ,
3405 1756 3585 1831 cives

560 1876 935 1953 academici
976 1882 1048 1949 et
1089 1875 1511 1973 quicumque
1554 1874 1863 1949 doctrina
1902 1874 2210 1974 insignes
2252 1882 2481 1949 essent
2498 1932 2518 1963 ,
2565 1874 3056 1965 invitarentur,
3097 1882 3180 1947 ut
3213 1874 3588 1949 solemnem

562 2001 805 2069 actum
854 1994 1239 2093 praesentia
1288 2018 1414 2068 sua
1460 1995 2007 2069 condecorarent.

664 2113 935 2189 Eodem
988 2137 1147 2187 vero
1192 2120 1501 2210 tempore
1540 2111 1750 2186 etiam
1796 2113 1953 2187 alia·
1980 2138 2090 2187 res
2148 2113 2223 2186 in
2274 2114 2754 2188 Bnanounmo
2811 2112 3180 2209 nonnullos
3244 2112 3596 2211 theologos

568 2234 641 2307 in
686 2233 819 2307 hac
857 2232 1031 2307 urbe
1076 2232 1373 2332 graviter
1420 2230 1750 2319 offendit,
1800 2230 2233 2329 graviterque
2280 2230 2453 2305 adeo
2499 2230 2588 2304 ab
2647 2228 2735 2305 iis
2780 2229 3174 2331 inculpatus
3231 2238 3336 2304 est
3355 2287 3376 2317 ‚
3440 2230 3600 2305 licet

568 2376 821 2451 parum
869 2352 1071 2424 iuste.
1176 2350 1449 2424 Scilicet
1494 2350 1757 2424 factum
1804 2360 1942 2437 est,
1994 2356 2074 2422 ut
2114 2350 2189 2422 in
2241 2349 2708 2447 disputatione
2761 2349 3040 2447 publica
3088 2349 3558 2448 philosophica
3575 2408 3596 2437 ,

561 2494 789 2569 quum
857 2470 1315 2569 attingeretur
1377 2468 1690 2567 quaestio
1756 2470 1843 2543 de
1886 2468 2276 2543 conditione
2318 2475 2750 2541 mortuorum
2794 2474 2951 2565 post
2993 2468 3554 2543 resurrectionem
3579 2527 3598 2554 ‚

498 2590 513 2605 ⁸
566 2588 825 2662 diceret
889 2586 1024 2660 sibi
1084 2586 1301 2659 videri
1328 2643 1347 2672 ‚
1414 2610 1694 2684 corpora
1760 2586 2063 2659 humana
2136 2608 2276 2659 non
2346 2584 2593 2659 eadem
2656 2586 3047 2661 conditione
3107 2594 3591 2661 resurrectura.

566 2705 922 2781 Nimirum
994 2704 1209 2779 voluit
1278 2730 1364 2778 ea
1422 2728 1565 2779 non
1628 2710 2091 2779 resurrectura
2172 2727 2335 2777 cum
2414 2702 2607 2775 omni
2673 2702 2960 2776 materia
2981 2760 3002 2790 ,
3081 2728 3120 2775 e
3193 2728 3332 2801 qua
3397 2713 3600 2779 antea

568 2824 953 2922 composita
1036 2823 1345 2911 fueraut;
1456 2823 1621 2921 quia
1710 2844 1959 2921 nempe
2042 2844 2323 2920 corpora
2418 2821 2573 2895 viva
2639 2822 2940 2895 maxime
3007 2822 3271 2895 fluxam
3339 2822 3600 2897 habent

472 2994 485 3001 -
570 2943 973 3031 materiem3
1042 2942 1143 3017 ita
1204 2948 1287 3014 ut
1332 2941 1623 3041 singulis
1664 2942 1992 3040 temporis
2038 2940 2345 3015 articulis
2372 2940 2712 3015 ‘materiae
2753 2942 3140 3015 mutatione
3181 2948 3253 3015 et
3301 2942 3603 3017 condit-io

572 3086 817 3139 eorum
868 3069 941 3135 et
983 3060 1385 3158 compositio
1422 3069 1799 3137 mutentur.

572 3224 581 3233 ·
668 3180 867 3260 Quid
910 3185 1143 3257 autem
1162 3184 1197 3254 Ρ
1292 3180 1603 3255 Vixdum
1639 3180 2075 3269 enunciatam
2110 3180 2508 3280 opinionem
2535 3179 2812 3267 statim,
2856 3188 2936 3253 ut
2975 3179 3124 3277 ipse
3154 3178 3393 3268 refert,
3433 3202 3604 3254 non-

484 3396 491 3403 ·
568 3300 746 3375 nulli
790 3299 1136 3374 criminari
1172 3308 1585 3398 coeperunt,
1609 3301 1995 3399 exagitare,
2034 3300 2397 3397 explodere
2436 3306 2508 3371 et
2552 3306 2634 3371 ut
2674 3297 3092 3372 orthodoxae
3128 3297 3444 3396 religioni
3483 3299 3602 3373 ad·

571 3426 962 3495 versantem
1002 3418 1329 3493 damnare
1364 3427 1434 3493 et
1472 3419 1825 3494 exsecrari.
1889 3419 2076 3493 Urbs
2111 3425 2259 3491 tota
2284 3440 2558 3491 rumore
2581 3396 3036 3515 implebatur,
3061 3418 3604 3495 Bnnxounmum

570 3562 721 3612 esse
758 3536 1217 3625 socinianum,
1256 3562 1417 3611 eum
1463 3538 1703 3613 docere
1744 3562 1994 3613 novam
2030 3536 2445 3611 creationem
2482 3560 2842 3634 corporum
2887 3560 3222 3615 novorum
3257 3536 3332 3611 in
3373 3561 3597 3612 resur-

572 3656 873 3729 rectione
890 3712 910 3745 ‚
958 3656 1189 3731 nescio
1230 3682 1409 3754 quae
1449 3658 1640 3732 alia'
1620 3682 1933 3754 insuper,
1984 3658 2073 3730 de
2112 3656 2369 3754 quibus
2404 3680 2494 3729 ne
2532 3656 2798 3729 somnio
2835 3656 3119 3753 quidem
3161 3657 3596 3755 cogitaverat.

572 3774 781 3849 Brevi
846 3773 1041 3848 verbi
1112 3774 1330 3847 divini
1387 3774 1694 3849 ministri·
1752 3775 2027 3874 publice
2084 3773 2642 3873 perstringebant
2689 3775 3128 3874 philosophos
3153 3834 3172 3863 ‚
3221 3777 3423 3875 quasi
3479 3778 3602 3875 qui

576 3894 987 3971 seducerent
1036 3894 1416 3969 studiosam
1460 3895 1892 3969 iuventutem
1912 3951 1931 3981 ,
1982 3892 2453 3967 subverterent
2493 3892 2849 3966 veritatem
2891 3892 3296 3982 revelatam;
3345 3894 3555 3982 verbo
3577 3954 3596 3981 ,

576 4014 1062 4087 Bnnuounmo
1110 4012 1576 4089 infelicissima
1621 4036 1937 4111 quaeque
1984 4011 2343 4085 imminere
2392 4010 2824 4086 videbantur.

675 4130 863 4205 Satis
932 4138 1175 4205 notum
1248 4139 1353 4205 est
1372 4190 1392 4219 ,
1465 4158 1675 4230 quam
1746 4132 1975 4231 gravis
2032 4138 2212 4204 esset
2278 4155 2359 4204 eo
2405 4137 2714 4229 tempore
2765 4132 3108 4207 accusatio
3168 4132 3590 4208 Socianismi.

580 4248 844 4323 Actum
885 4248 1127 4323 fuisset
1173 4250 1261 4324 de
1298 4252 1777 4327 Bnauounmo
1802 4310 1821 4339 ,
1869 4250 2006 4324 nisi
2046 4249 2384 4349 potuisset
2423 4275 2504 4324 ac
2545 4251 2871 4325 voluisset
2916 4252 3204 4325 liberare
3251 4276 3322 4324 se
3365 4252 3597 4326 inusta

582 4368 937 4443 haereseos
980 4370 1269 4444 macula.
1366 4369 1607 4445 Potuit
1650 4395 1806 4444 vero
1830 4426 1849 4457 ‚
1911 4370 2169 4468 quippe
2212 4368 2631 4444 socinianam
2681 4369 3062 4445 doctrinam
3085 4428 3106 4457 ,
3167 4369 3398 4468 quoad
3443 4395 3595 4445 eam

580 4496 1029 4585 cognoverat,
1080 4489 1556 4577 aversabatur3
1606 4514 1733 4563 nec
1773 4514 1931 4562 vero
1974 4488 2195 4563 defuit
2240 4489 2556 4563 voluntas
2577 4546 2597 4575 ,
2646 4490 2903 4586 quippe
2950 4488 3074 4585 qui
3119 4512 3257 4562 non
3307 4488 3406 4563 ita
3453 4502 3598 4563 erat

580 4615 1018 4705 comparatus
1040 4664 1061 4693 ‚
1111 4616 1231 4695 ut,
1282 4608 1343 4681 si
1389 4610 1547 4706 quis
1594 4632 1757 4683 eum
1804 4608 2215 4695 adoriretur,
2264 4608 2341 4681 id
2387 4609 2727 4707 patienter
2772 4607 2996 4709 ferret.

678 4726 929 4823 Itaque
996 4726 1379 4823 periculum
1426 4728 1669 4811 acriter
1723 4727 2052 4801 defendit.
2152 4726 2574 4825 Conscripsit
2635 4732 3004 4800 tractatum
3068 4726 3597 4826 medico-physi-

580 4870 745 4921 cum
790 4848 874 4921 de
919 4850 1284 4921 nutritione
1305 4906 1323 4935 ,
1372 4846 1447 4921 in
1497 4872 1636 4944 quo
1686 4845 2003 4944 exposuit
2049 4846 2429 4921 doctrinam
2472 4871 2668 4921 suam
2715 4845 2801 4920 de
2847 4855 3180 4945 perpetua
3220 4846 3601 4921 mutatione
