<?xml version="1.0" encoding="UTF-8"?>
<!DOCTYPE html PUBLIC "-//W3C//DTD XHTML 1.0 Transitional//EN"
    "http://www.w3.org/TR/xhtml1/DTD/xhtml1-transitional.dtd">
<html xmlns="http://www.w3.org/1999/xhtml" xml:lang="en" lang="en">
 <head>
  <title>
</title>
<meta http-equiv="Content-Type" content="text/html;charset=utf-8" />
  <meta name='ocr-system' content='tesseract 3.04.00' />
  <meta name='ocr-capabilities' content='ocr_page ocr_carea ocr_par ocr_line ocrx_word'/>
</head>
<body>
  <div class='ocr_page' id='page_1' title='image "annalesacademic24unkngoog_0129.png"; bbox 0 0 4967 6217; ppageno 0'>
   <div class='ocr_carea' id='block_1_1' title="bbox 1778 711 3552 784">
    <p class='ocr_par' dir='ltr' id='par_1_1' title="bbox 1778 711 3552 784">
     <span class='ocr_line' id='line_1_1' title="bbox 1778 711 3552 784; baseline 0.001 -3"><span class='ocrx_word' id='word_1_1' title='bbox 1778 711 2334 784; x_wconf 82' lang='lat' dir='ltr'><strong>ORATIO.</strong></span> <span class='ocrx_word' id='word_1_2' title='bbox 3427 715 3552 783; x_wconf 85' lang='lat'><strong>119</strong></span> 
     </span>
    </p>
   </div>
   <div class='ocr_carea' id='block_1_2' title="bbox 522 917 3553 1142">
    <p class='ocr_par' dir='ltr' id='par_1_2' title="bbox 522 917 3553 1142">
     <span class='ocr_line' id='line_1_2' title="bbox 618 917 3552 1021; baseline 0.001 -29"><span class='ocrx_word' id='word_1_3' title='bbox 618 917 890 998; x_wconf 82' lang='lat' dir='ltr'><strong>Veritas</strong></span> <span class='ocrx_word' id='word_1_4' title='bbox 951 928 1185 996; x_wconf 87' lang='lat' dir='ltr'><strong>autem</strong></span> <span class='ocrx_word' id='word_1_5' title='bbox 1207 979 1229 1009; x_wconf 90' lang='lat'>‚</span> <span class='ocrx_word' id='word_1_6' title='bbox 1297 927 1375 995; x_wconf 92' lang='lat' dir='ltr'><strong>ut</strong></span> <span class='ocrx_word' id='word_1_7' title='bbox 1432 945 1736 1021; x_wconf 81' lang='lat' dir='ltr'><strong>semper,</strong></span> <span class='ocrx_word' id='word_1_8' title='bbox 1786 922 1885 996; x_wconf 91' lang='lat' dir='ltr'><strong>ita</strong></span> <span class='ocrx_word' id='word_1_9' title='bbox 1926 922 2001 996; x_wconf 90' lang='lat' dir='ltr'><strong>in</strong></span> <span class='ocrx_word' id='word_1_10' title='bbox 2050 922 2158 996; x_wconf 85' lang='lat' dir='ltr'><strong>his</strong></span> <span class='ocrx_word' id='word_1_11' title='bbox 2204 945 2479 1021; x_wconf 89' lang='lat' dir='ltr'><strong>quoque</strong></span> <span class='ocrx_word' id='word_1_12' title='bbox 2519 921 2805 996; x_wconf 88' lang='lat' dir='ltr'><strong>tandem</strong></span> <span class='ocrx_word' id='word_1_13' title='bbox 2861 946 2948 996; x_wconf 80' lang='lat' dir='ltr'><strong>ex</strong></span> <span class='ocrx_word' id='word_1_14' title='bbox 2987 946 3294 998; x_wconf 85' lang='lat' dir='ltr'><strong>errorum</strong></span> <span class='ocrx_word' id='word_1_15' title='bbox 3342 925 3552 998; x_wconf 83' lang='lat' dir='ltr'><strong>veluti</strong></span> 
     </span>
     <span class='ocr_line' id='line_1_3' title="bbox 522 1039 3553 1142; baseline 0.001 -26"><span class='ocrx_word' id='word_1_16' title='bbox 522 1040 733 1116; x_wconf 90' lang='lat' dir='ltr'><strong>undis</strong></span> <span class='ocrx_word' id='word_1_17' title='bbox 780 1039 1079 1118; x_wconf 81' lang='lat' dir='ltr'><strong>emersit.</strong></span> <span class='ocrx_word' id='word_1_18' title='bbox 1178 1039 1333 1113; x_wconf 90' lang='lat' dir='ltr'><strong>Iam</strong></span> <span class='ocrx_word' id='word_1_19' title='bbox 1399 1041 1865 1116; x_wconf 72' lang='lat' dir='ltr'><strong>Bannonnmr</strong></span> <span class='ocrx_word' id='word_1_20' title='bbox 1928 1039 2250 1138; x_wconf 88' lang='lat' dir='ltr'><strong>discipuli</strong></span> <span class='ocrx_word' id='word_1_21' title='bbox 2313 1048 2688 1140; x_wconf 89' lang='lat' dir='ltr'><strong>coeperunt</strong></span> <span class='ocrx_word' id='word_1_22' title='bbox 2739 1039 3086 1115; x_wconf 80' lang='lat' dir='ltr'><strong>dimittere</strong></span> <span class='ocrx_word' id='word_1_23' title='bbox 3139 1041 3553 1142; x_wconf 83' lang='lat' dir='ltr'>hypotheses</span> 
     </span>
    </p>
   </div>
   <div class='ocr_carea' id='block_1_3' title="bbox 522 1158 3560 1378">
    <p class='ocr_par' dir='ltr' id='par_1_3' title="bbox 522 1158 3560 1378">
     <span class='ocr_line' id='line_1_4' title="bbox 522 1158 3558 1258; baseline -0 -23"><span class='ocrx_word' id='word_1_24' title='bbox 522 1160 839 1258; x_wconf 80' lang='lat' dir='ltr'><strong>physicas</strong></span> <span class='ocrx_word' id='word_1_25' title='bbox 898 1158 1255 1234; x_wconf 60' lang='lat' dir='ltr'><strong>Caarnsrr</strong></span> <span class='ocrx_word' id='word_1_26' title='bbox 1295 1183 1421 1258; x_wconf 92' lang='lat' dir='ltr'><strong>pro</strong></span> <span class='ocrx_word' id='word_1_27' title='bbox 1466 1158 1675 1256; x_wconf 83' lang='lat' dir='ltr'><strong>nugis</strong></span> <span class='ocrx_word' id='word_1_28' title='bbox 1691 1192 1709 1245; x_wconf 91' lang='lat'>;</span> <span class='ocrx_word' id='word_1_29' title='bbox 1759 1158 2083 1257; x_wconf 79' lang='lat' dir='ltr'><strong>amplecti</strong></span> <span class='ocrx_word' id='word_1_30' title='bbox 2132 1165 2508 1258; x_wconf 88' lang='lat' dir='ltr'><strong>coeperunt</strong></span> <span class='ocrx_word' id='word_1_31' title='bbox 2556 1159 2916 1234; x_wconf 76' lang='lat' dir='ltr'><strong>an‘rom</strong></span> <span class='ocrx_word' id='word_1_32' title='bbox 2965 1160 3382 1258; x_wconf 85' lang='lat' dir='ltr'><strong>praeclaram</strong></span> <span class='ocrx_word' id='word_1_33' title='bbox 3437 1163 3558 1234; x_wconf 87' lang='lat' dir='ltr'><strong>do·</strong></span> 
     </span>
     <span class='ocr_line' id='line_1_5' title="bbox 522 1276 3560 1378; baseline 0.001 -26"><span class='ocrx_word' id='word_1_34' title='bbox 522 1281 837 1356; x_wconf 89' lang='lat' dir='ltr'><strong>ctrinam.</strong></span> <span class='ocrx_word' id='word_1_35' title='bbox 941 1279 1159 1378; x_wconf 82' lang='lat' dir='ltr'>Angli</span> <span class='ocrx_word' id='word_1_36' title='bbox 1220 1285 1460 1353; x_wconf 87' lang='lat' dir='ltr'><strong>contra</strong></span> <span class='ocrx_word' id='word_1_37' title='bbox 1521 1277 1843 1352; x_wconf 89' lang='lat' dir='ltr'><strong>viderunt</strong></span> <span class='ocrx_word' id='word_1_38' title='bbox 1910 1301 1983 1350; x_wconf 88' lang='lat' dir='ltr'><strong>se</strong></span> <span class='ocrx_word' id='word_1_39' title='bbox 2002 1335 2022 1364; x_wconf 94' lang='lat'><strong>,</strong></span> <span class='ocrx_word' id='word_1_40' title='bbox 2084 1276 2221 1350; x_wconf 89' lang='lat' dir='ltr'><strong>nisi</strong></span> <span class='ocrx_word' id='word_1_41' title='bbox 2271 1277 2834 1354; x_wconf 80' lang='lat' dir='ltr'><strong>mathematicam</strong></span> <span class='ocrx_word' id='word_1_42' title='bbox 2881 1279 3192 1378; x_wconf 88' lang='lat' dir='ltr'><strong>analysin</strong></span> <span class='ocrx_word' id='word_1_43' title='bbox 3211 1339 3232 1368; x_wconf 92' lang='lat'><strong>,</strong></span> <span class='ocrx_word' id='word_1_44' title='bbox 3283 1282 3560 1378; x_wconf 88' lang='lat' dir='ltr'><strong>qualem</strong></span> 
     </span>
    </p>
   </div>
   <div class='ocr_carea' id='block_1_4' title="bbox 524 1395 3663 3407">
    <p class='ocr_par' dir='ltr' id='par_1_4' title="bbox 524 1395 3583 2811">
     <span class='ocr_line' id='line_1_6' title="bbox 524 1395 3560 1498; baseline -0 -24"><span class='ocrx_word' id='word_1_45' title='bbox 524 1401 989 1475; x_wconf 70' lang='lat' dir='ltr'><strong>Bannounmr</strong></span> <span class='ocrx_word' id='word_1_46' title='bbox 1044 1421 1423 1496; x_wconf 87' lang='lat' dir='ltr'><strong>eorumque</strong></span> <span class='ocrx_word' id='word_1_47' title='bbox 1470 1395 1793 1495; x_wconf 88' lang='lat' dir='ltr'><strong>discipuli</strong></span> <span class='ocrx_word' id='word_1_48' title='bbox 1840 1396 2310 1484; x_wconf 79' lang='lat' dir='ltr'><strong>excoluerant,</strong></span> <span class='ocrx_word' id='word_1_49' title='bbox 2360 1404 2675 1472; x_wconf 89' lang='lat' dir='ltr'><strong>tenerent</strong></span> <span class='ocrx_word' id='word_1_50' title='bbox 2691 1455 2710 1484; x_wconf 92' lang='lat'><strong>,</strong></span> <span class='ocrx_word' id='word_1_51' title='bbox 2759 1422 2902 1472; x_wconf 89' lang='lat' dir='ltr'><strong>non</strong></span> <span class='ocrx_word' id='word_1_52' title='bbox 2941 1398 3364 1498; x_wconf 80' lang='lat' dir='ltr'><strong>profecturos</strong></span> <span class='ocrx_word' id='word_1_53' title='bbox 3399 1426 3560 1475; x_wconf 79' lang='lat' dir='ltr'><strong>esse</strong></span> 
     </span>
     <span class='ocr_line' id='line_1_7' title="bbox 526 1514 3569 1613; baseline 0.001 -22"><span class='ocrx_word' id='word_1_54' title='bbox 526 1521 599 1593; x_wconf 93' lang='lat' dir='ltr'><strong>in</strong></span> <span class='ocrx_word' id='word_1_55' title='bbox 665 1517 890 1594; x_wconf 89' lang='lat' dir='ltr'><strong>altiori</strong></span> <span class='ocrx_word' id='word_1_56' title='bbox 936 1541 1165 1592; x_wconf 85' lang='lat' dir='ltr'><strong>rerum</strong></span> <span class='ocrx_word' id='word_1_57' title='bbox 1228 1515 1675 1613; x_wconf 83' lang='lat' dir='ltr'><strong>indagatione</strong></span> <span class='ocrx_word' id='word_1_58' title='bbox 1741 1522 1887 1590; x_wconf 88' lang='lat' dir='ltr'><strong>tum</strong></span> <span class='ocrx_word' id='word_1_59' title='bbox 1932 1514 2217 1612; x_wconf 85' lang='lat' dir='ltr'><strong>physica</strong></span> <span class='ocrx_word' id='word_1_60' title='bbox 2256 1522 2413 1590; x_wconf 91' lang='lat' dir='ltr'><strong>tum</strong></span> <span class='ocrx_word' id='word_1_61' title='bbox 2456 1516 2888 1604; x_wconf 82' lang='lat' dir='ltr'><strong>mechanica3</strong></span> <span class='ocrx_word' id='word_1_62' title='bbox 2942 1517 3264 1592; x_wconf 87' lang='lat' dir='ltr'><strong>viderunt</strong></span> <span class='ocrx_word' id='word_1_63' title='bbox 3321 1543 3393 1593; x_wconf 91' lang='lat' dir='ltr'><strong>se</strong></span> <span class='ocrx_word' id='word_1_64' title='bbox 3443 1544 3569 1594; x_wconf 90' lang='lat' dir='ltr'><strong>nec</strong></span> 
     </span>
     <span class='ocr_line' id='line_1_8' title="bbox 526 1633 3568 1735; baseline 0 -23"><span class='ocrx_word' id='word_1_65' title='bbox 526 1639 898 1713; x_wconf 74' lang='lat' dir='ltr'><strong>anm&#39;rn</strong></span> <span class='ocrx_word' id='word_1_66' title='bbox 940 1637 1149 1712; x_wconf 88' lang='lat' dir='ltr'><strong>nimis</strong></span> <span class='ocrx_word' id='word_1_67' title='bbox 1200 1636 1325 1710; x_wconf 92' lang='lat' dir='ltr'><strong>diu</strong></span> <span class='ocrx_word' id='word_1_68' title='bbox 1368 1635 1667 1734; x_wconf 80' lang='lat' dir='ltr'><strong>neglecti</strong></span> <span class='ocrx_word' id='word_1_69' title='bbox 1712 1633 2125 1734; x_wconf 87' lang='lat' dir='ltr'><strong>algorithmo</strong></span> <span class='ocrx_word' id='word_1_70' title='bbox 2168 1656 2395 1710; x_wconf 88' lang='lat' dir='ltr'><strong>carere</strong></span> <span class='ocrx_word' id='word_1_71' title='bbox 2436 1647 2664 1734; x_wconf 85' lang='lat' dir='ltr'><strong>posse.</strong></span> <span class='ocrx_word' id='word_1_72' title='bbox 2761 1638 2876 1712; x_wconf 86' lang='lat' dir='ltr'><strong>Ita</strong></span> <span class='ocrx_word' id='word_1_73' title='bbox 2921 1637 3208 1735; x_wconf 89' lang='lat' dir='ltr'><strong>quidem</strong></span> <span class='ocrx_word' id='word_1_74' title='bbox 3264 1639 3568 1715; x_wconf 85' lang='lat' dir='ltr'><strong>thesauri</strong></span> 
     </span>
     <span class='ocr_line' id='line_1_9' title="bbox 528 1737 3568 1856; baseline 0.001 -24"><span class='ocrx_word' id='word_1_75' title='bbox 528 1757 875 1856; x_wconf 82' lang='lat' dir='ltr'><strong>quantivis</strong></span> <span class='ocrx_word' id='word_1_76' title='bbox 927 1756 1177 1855; x_wconf 81' lang='lat' dir='ltr'><strong>praetii</strong></span> <span class='ocrx_word' id='word_1_77' title='bbox 1224 1765 1297 1831; x_wconf 91' lang='lat' dir='ltr'><strong>et</strong></span> <span class='ocrx_word' id='word_1_78' title='bbox 1346 1755 1811 1830; x_wconf 88' lang='lat' dir='ltr'><strong>instrumenta</strong></span> <span class='ocrx_word' id='word_1_79' title='bbox 1852 1775 2065 1828; x_wconf 80' lang='lat' dir='ltr'><strong>novos</strong></span> <span class='ocrx_word' id='word_1_80' title='bbox 2108 1753 2542 1851; x_wconf 84' lang='lat' dir='ltr'><strong>acquirendi,</strong></span> <span class='ocrx_word' id='word_1_81' title='bbox 2591 1763 2842 1830; x_wconf 90' lang='lat' dir='ltr'><strong>mutua</strong></span> <span class='ocrx_word' id='word_1_82' title='bbox 2882 1757 3188 1832; x_wconf 83' lang='lat' dir='ltr'><strong>cessione</strong></span> <span class='ocrx_word' id='word_1_83' title='bbox 3230 1758 3306 1832; x_wconf 91' lang='lat' dir='ltr'><strong>in</strong></span> <span class='ocrx_word' id='word_1_84' title='bbox 3361 1737 3568 1834; x_wconf 86' lang='lat' dir='ltr'><strong>usum</strong></span> 
     </span>
     <span class='ocr_line' id='line_1_10' title="bbox 528 1873 3580 1975; baseline 0.001 -25"><span class='ocrx_word' id='word_1_85' title='bbox 528 1876 843 1952; x_wconf 91' lang='lat' dir='ltr'><strong>omnium</strong></span> <span class='ocrx_word' id='word_1_86' title='bbox 884 1875 1493 1952; x_wconf 74' lang='lat' dir='ltr'><strong>transferebantur.</strong></span> <span class='ocrx_word' id='word_1_87' title='bbox 1560 1873 1850 1971; x_wconf 86' lang='lat' dir='ltr'><strong>Analysi</strong></span> <span class='ocrx_word' id='word_1_88' title='bbox 1884 1873 2371 1950; x_wconf 88' lang='lat' dir='ltr'><strong>mathematica</strong></span> <span class='ocrx_word' id='word_1_89' title='bbox 2402 1875 2628 1974; x_wconf 84' lang='lat' dir='ltr'><strong>magis</strong></span> <span class='ocrx_word' id='word_1_90' title='bbox 2668 1876 3030 1975; x_wconf 82' lang='lat' dir='ltr'><strong>magisque</strong></span> <span class='ocrx_word' id='word_1_91' title='bbox 3067 1878 3173 1950; x_wconf 89' lang='lat' dir='ltr'><strong>uti</strong></span> <span class='ocrx_word' id='word_1_92' title='bbox 3217 1876 3580 1954; x_wconf 82' lang='lat' dir='ltr'><strong>discebant</strong></span> 
     </span>
     <span class='ocr_line' id='line_1_11' title="bbox 532 1977 3574 2095; baseline 0.001 -25"><span class='ocrx_word' id='word_1_93' title='bbox 532 1997 775 2084; x_wconf 88' lang='lat' dir='ltr'><strong>multi,</strong></span> <span class='ocrx_word' id='word_1_94' title='bbox 813 2005 1177 2094; x_wconf 78' lang='lat' dir='ltr'><strong>tamquam</strong></span> <span class='ocrx_word' id='word_1_95' title='bbox 1211 1977 1383 2070; x_wconf 82' lang='lat' dir='ltr'><strong>clavi</strong></span> <span class='ocrx_word' id='word_1_96' title='bbox 1401 2053 1423 2084; x_wconf 91' lang='lat'><strong>,</strong></span> <span class='ocrx_word' id='word_1_97' title='bbox 1466 2018 1607 2094; x_wconf 90' lang='lat' dir='ltr'><strong>qua</strong></span> <span class='ocrx_word' id='word_1_98' title='bbox 1650 1992 1921 2070; x_wconf 89' lang='lat' dir='ltr'><strong>aditum</strong></span> <span class='ocrx_word' id='word_1_99' title='bbox 1968 1992 2101 2068; x_wconf 92' lang='lat' dir='ltr'><strong>sibi</strong></span> <span class='ocrx_word' id='word_1_100' title='bbox 2136 1995 2479 2093; x_wconf 85' lang='lat' dir='ltr'><strong>aperirent</strong></span> <span class='ocrx_word' id='word_1_101' title='bbox 2523 1995 2617 2069; x_wconf 87' lang='lat' dir='ltr'><strong>ad</strong></span> <span class='ocrx_word' id='word_1_102' title='bbox 2643 1995 2918 2070; x_wconf 89' lang='lat' dir='ltr'><strong>abditas</strong></span> <span class='ocrx_word' id='word_1_103' title='bbox 2939 1995 3574 2095; x_wconf 90' lang='lat' dir='ltr'><strong>phaenomenorum</strong></span> 
     </span>
     <span class='ocr_line' id='line_1_12' title="bbox 529 2112 3574 2214; baseline 0.001 -23"><span class='ocrx_word' id='word_1_104' title='bbox 529 2115 955 2192; x_wconf 86' lang='lat' dir='ltr'><strong>naturalium</strong></span> <span class='ocrx_word' id='word_1_105' title='bbox 990 2137 1253 2190; x_wconf 87' lang='lat' dir='ltr'><strong>causas.</strong></span> <span class='ocrx_word' id='word_1_106' title='bbox 1318 2115 1571 2212; x_wconf 89' lang='lat' dir='ltr'><strong>Itaque</strong></span> <span class='ocrx_word' id='word_1_107' title='bbox 1610 2112 2043 2214; x_wconf 90' lang='lat' dir='ltr'><strong>philosophia</strong></span> <span class='ocrx_word' id='word_1_108' title='bbox 2072 2113 2407 2188; x_wconf 88' lang='lat' dir='ltr'><strong>naturalis</strong></span> <span class='ocrx_word' id='word_1_109' title='bbox 2432 2113 2525 2188; x_wconf 90' lang='lat' dir='ltr'><strong>ad</strong></span> <span class='ocrx_word' id='word_1_110' title='bbox 2561 2137 2878 2190; x_wconf 88' lang='lat' dir='ltr'><strong>normam</strong></span> <span class='ocrx_word' id='word_1_111' title='bbox 2900 2113 3400 2214; x_wconf 87' lang='lat' dir='ltr'><strong>principiorum</strong></span> <span class='ocrx_word' id='word_1_112' title='bbox 3429 2143 3574 2192; x_wconf 80' lang='lat' dir='ltr'><strong>ma·</strong></span> 
     </span>
     <span class='ocr_line' id='line_1_13' title="bbox 532 2233 3574 2334; baseline 0 -26"><span class='ocrx_word' id='word_1_113' title='bbox 532 2236 1062 2310; x_wconf 85' lang='lat' dir='ltr'><strong>thematicorum</strong></span> <span class='ocrx_word' id='word_1_114' title='bbox 1079 2292 1099 2322; x_wconf 90' lang='lat'><strong>,</strong></span> <span class='ocrx_word' id='word_1_115' title='bbox 1131 2257 1309 2333; x_wconf 89' lang='lat' dir='ltr'><strong>quae</strong></span> <span class='ocrx_word' id='word_1_116' title='bbox 1338 2234 1489 2333; x_wconf 91' lang='lat' dir='ltr'><strong>ipse</strong></span> <span class='ocrx_word' id='word_1_117' title='bbox 1514 2233 1933 2309; x_wconf 70' lang='lat' dir='ltr'><strong>anronus</strong></span> <span class='ocrx_word' id='word_1_118' title='bbox 1966 2233 2205 2332; x_wconf 89' lang='lat' dir='ltr'><strong>posuit</strong></span> <span class='ocrx_word' id='word_1_119' title='bbox 2222 2291 2241 2322; x_wconf 91' lang='lat'>‚</span> <span class='ocrx_word' id='word_1_120' title='bbox 2283 2233 2503 2310; x_wconf 84' lang='lat' dir='ltr'><strong>excoli</strong></span> <span class='ocrx_word' id='word_1_121' title='bbox 2528 2233 2793 2334; x_wconf 89' lang='lat' dir='ltr'><strong>potuit,</strong></span> <span class='ocrx_word' id='word_1_122' title='bbox 2831 2241 2903 2308; x_wconf 89' lang='lat' dir='ltr'><strong>et</strong></span> <span class='ocrx_word' id='word_1_123' title='bbox 2937 2255 3172 2308; x_wconf 86' lang='lat' dir='ltr'><strong>revera</strong></span> <span class='ocrx_word' id='word_1_124' title='bbox 3205 2236 3574 2310; x_wconf 84' lang='lat' dir='ltr'><strong>admirabi-</strong></span> 
     </span>
     <span class='ocr_line' id='line_1_14' title="bbox 530 2353 3578 2453; baseline -0.001 -24"><span class='ocrx_word' id='word_1_125' title='bbox 530 2357 687 2429; x_wconf 88' lang='lat' dir='ltr'><strong>liter</strong></span> <span class='ocrx_word' id='word_1_126' title='bbox 722 2355 995 2430; x_wconf 83' lang='lat' dir='ltr'><strong>exculta</strong></span> <span class='ocrx_word' id='word_1_127' title='bbox 1032 2363 1157 2430; x_wconf 89' lang='lat' dir='ltr'><strong>est.</strong></span> <span class='ocrx_word' id='word_1_128' title='bbox 1242 2355 1465 2429; x_wconf 87' lang='lat' dir='ltr'><strong>Cuius</strong></span> <span class='ocrx_word' id='word_1_129' title='bbox 1500 2354 1605 2429; x_wconf 91' lang='lat' dir='ltr'><strong>rei</strong></span> <span class='ocrx_word' id='word_1_130' title='bbox 1638 2353 2063 2453; x_wconf 86' lang='lat' dir='ltr'><strong>praeclarum</strong></span> <span class='ocrx_word' id='word_1_131' title='bbox 2100 2353 2599 2428; x_wconf 85' lang='lat' dir='ltr'><strong>documentum</strong></span> <span class='ocrx_word' id='word_1_132' title='bbox 2639 2359 2748 2427; x_wconf 88' lang='lat' dir='ltr'><strong>est</strong></span> <span class='ocrx_word' id='word_1_133' title='bbox 2769 2353 3133 2426; x_wconf 61' lang='lat' dir='ltr'><strong>Lumen</strong></span> <span class='ocrx_word' id='word_1_134' title='bbox 3171 2355 3578 2428; x_wconf 74' lang='lat' dir='ltr'><strong>Mecleanica</strong></span> 
     </span>
     <span class='ocr_line' id='line_1_15' title="bbox 529 2469 3580 2569; baseline -0.001 -21"><span class='ocrx_word' id='word_1_135' title='bbox 529 2477 847 2549; x_wconf 76' lang='lat' dir='ltr'><strong>coelestis.</strong></span> <span class='ocrx_word' id='word_1_136' title='bbox 917 2475 1081 2552; x_wconf 89' lang='lat' dir='ltr'><strong>Quo</strong></span> <span class='ocrx_word' id='word_1_137' title='bbox 1119 2474 1301 2549; x_wconf 83' lang='lat' dir='ltr'><strong>facto</strong></span> <span class='ocrx_word' id='word_1_138' title='bbox 1340 2472 1709 2549; x_wconf 88' lang='lat' dir='ltr'><strong>oblectatio</strong></span> <span class='ocrx_word' id='word_1_139' title='bbox 1723 2529 1743 2560; x_wconf 90' lang='lat'><strong>,</strong></span> <span class='ocrx_word' id='word_1_140' title='bbox 1783 2495 1997 2569; x_wconf 88' lang='lat' dir='ltr'><strong>quam</strong></span> <span class='ocrx_word' id='word_1_141' title='bbox 2028 2471 2351 2569; x_wconf 88' lang='lat' dir='ltr'><strong>praebuit</strong></span> <span class='ocrx_word' id='word_1_142' title='bbox 2390 2469 2852 2569; x_wconf 82' lang='lat' dir='ltr'><strong>intelligentia</strong></span> <span class='ocrx_word' id='word_1_143' title='bbox 2885 2493 3120 2546; x_wconf 89' lang='lat' dir='ltr'><strong>rerum</strong></span> <span class='ocrx_word' id='word_1_144' title='bbox 3169 2470 3580 2546; x_wconf 86' lang='lat' dir='ltr'><strong>sublimium</strong></span> 
     </span>
     <span class='ocr_line' id='line_1_16' title="bbox 528 2588 3581 2691; baseline -0.001 -23"><span class='ocrx_word' id='word_1_145' title='bbox 528 2599 601 2668; x_wconf 87' lang='lat' dir='ltr'><strong>et</strong></span> <span class='ocrx_word' id='word_1_146' title='bbox 636 2593 969 2669; x_wconf 85' lang='lat' dir='ltr'><strong>latissime</strong></span> <span class='ocrx_word' id='word_1_147' title='bbox 1006 2593 1397 2691; x_wconf 88' lang='lat' dir='ltr'><strong>patentium</strong></span> <span class='ocrx_word' id='word_1_148' title='bbox 1412 2649 1433 2681; x_wconf 92' lang='lat'><strong>,</strong></span> <span class='ocrx_word' id='word_1_149' title='bbox 1478 2591 1703 2690; x_wconf 88' lang='lat' dir='ltr'><strong>magis</strong></span> <span class='ocrx_word' id='word_1_150' title='bbox 1743 2588 2068 2665; x_wconf 85' lang='lat' dir='ltr'><strong>excitavit</strong></span> <span class='ocrx_word' id='word_1_151' title='bbox 2106 2589 2409 2664; x_wconf 84' lang='lat' dir='ltr'><strong>virorum</strong></span> <span class='ocrx_word' id='word_1_152' title='bbox 2449 2589 2810 2665; x_wconf 88' lang='lat' dir='ltr'><strong>doctorum</strong></span> <span class='ocrx_word' id='word_1_153' title='bbox 2855 2589 3090 2666; x_wconf 84' lang='lat' dir='ltr'><strong>studia</strong></span> <span class='ocrx_word' id='word_1_154' title='bbox 3109 2649 3132 2680; x_wconf 91' lang='lat'><strong>,</strong></span> <span class='ocrx_word' id='word_1_155' title='bbox 3176 2615 3386 2690; x_wconf 90' lang='lat' dir='ltr'><strong>quam</strong></span> <span class='ocrx_word' id='word_1_156' title='bbox 3428 2617 3581 2666; x_wconf 89' lang='lat' dir='ltr'><strong>um-</strong></span> 
     </span>
     <span class='ocr_line' id='line_1_17' title="bbox 531 2707 3583 2811; baseline -0.002 -22"><span class='ocrx_word' id='word_1_157' title='bbox 531 2738 741 2811; x_wconf 90' lang='lat' dir='ltr'><strong>quam</strong></span> <span class='ocrx_word' id='word_1_158' title='bbox 785 2713 948 2788; x_wconf 84' lang='lat' dir='ltr'><strong>fecit</strong></span> <span class='ocrx_word' id='word_1_159' title='bbox 974 2711 1357 2786; x_wconf 89' lang='lat' dir='ltr'><strong>aemulatio</strong></span> <span class='ocrx_word' id='word_1_160' title='bbox 1376 2708 1561 2784; x_wconf 89' lang='lat' dir='ltr'><strong>inter</strong></span> <span class='ocrx_word' id='word_1_161' title='bbox 1598 2710 1909 2810; x_wconf 79' lang='lat' dir='ltr'><strong>singulos</strong></span> <span class='ocrx_word' id='word_1_162' title='bbox 1940 2708 2249 2784; x_wconf 89' lang='lat' dir='ltr'><strong>eruditos</strong></span> <span class='ocrx_word' id='word_1_163' title='bbox 2274 2715 2401 2785; x_wconf 88' lang='lat' dir='ltr'><strong>aut</strong></span> <span class='ocrx_word' id='word_1_164' title='bbox 2430 2707 2740 2784; x_wconf 87' lang='lat' dir='ltr'><strong>eruditos</strong></span> <span class='ocrx_word' id='word_1_165' title='bbox 2768 2709 3091 2808; x_wconf 82' lang='lat' dir='ltr'><strong>gentium</strong></span> <span class='ocrx_word' id='word_1_166' title='bbox 3133 2711 3583 2786; x_wconf 85' lang='lat' dir='ltr'><strong>diversarum.</strong></span> 
     </span>
    </p>

    <p class='ocr_par' dir='ltr' id='par_1_5' title="bbox 532 2827 3663 3407">
     <span class='ocr_line' id='line_1_18' title="bbox 626 2827 3663 2931; baseline -0 -24"><span class='ocrx_word' id='word_1_167' title='bbox 626 2831 826 2907; x_wconf 87' lang='lat' dir='ltr'><strong>Adeo</strong></span> <span class='ocrx_word' id='word_1_168' title='bbox 874 2831 1199 2906; x_wconf 85' lang='lat' dir='ltr'><strong>fiorentes</strong></span> <span class='ocrx_word' id='word_1_169' title='bbox 1245 2829 1637 2930; x_wconf 84' lang='lat' dir='ltr'><strong>accepimus</strong></span> <span class='ocrx_word' id='word_1_170' title='bbox 1680 2855 1725 2905; x_wconf 89' lang='lat' dir='ltr'><strong>a</strong></span> <span class='ocrx_word' id='word_1_171' title='bbox 1768 2828 2237 2930; x_wconf 89' lang='lat' dir='ltr'><strong>superioribus</strong></span> <span class='ocrx_word' id='word_1_172' title='bbox 2286 2828 2577 2904; x_wconf 88' lang='lat' dir='ltr'><strong>traditas</strong></span> <span class='ocrx_word' id='word_1_173' title='bbox 2627 2827 3065 2929; x_wconf 86' lang='lat' dir='ltr'><strong>disciplinas;</strong></span> <span class='ocrx_word' id='word_1_174' title='bbox 3119 2855 3300 2930; x_wconf 88' lang='lat' dir='ltr'><strong>quae</strong></span> <span class='ocrx_word' id='word_1_175' title='bbox 3341 2857 3584 2931; x_wconf 82' lang='lat' dir='ltr'><strong>quam·</strong></span> <span class='ocrx_word' id='word_1_176' title='bbox 3644 2851 3663 2855; x_wconf 77' lang='grc'><em>“</em></span> 
     </span>
     <span class='ocr_line' id='line_1_19' title="bbox 535 2947 3586 3029; baseline -0.001 -2"><span class='ocrx_word' id='word_1_177' title='bbox 535 2953 659 3026; x_wconf 89' lang='lat' dir='ltr'><strong>diu</strong></span> <span class='ocrx_word' id='word_1_178' title='bbox 730 2951 1043 3027; x_wconf 79' lang='lat' dir='ltr'><strong>colentur</strong></span> <span class='ocrx_word' id='word_1_179' title='bbox 1106 2975 1147 3026; x_wconf 92' lang='lat' dir='ltr'><strong>e</strong></span> <span class='ocrx_word' id='word_1_180' title='bbox 1216 2949 1548 3025; x_wconf 88' lang='lat' dir='ltr'><strong>memoria</strong></span> <span class='ocrx_word' id='word_1_181' title='bbox 1614 2948 1979 3026; x_wconf 84' lang='lat' dir='ltr'><strong>hominum</strong></span> <span class='ocrx_word' id='word_1_182' title='bbox 2046 2972 2188 3023; x_wconf 87' lang='lat' dir='ltr'><strong>non</strong></span> <span class='ocrx_word' id='word_1_183' title='bbox 2242 2947 2665 3024; x_wconf 86' lang='lat' dir='ltr'><strong>delebuntur</strong></span> <span class='ocrx_word' id='word_1_184' title='bbox 2704 2949 3070 3024; x_wconf 66' lang='lat' dir='ltr'><strong>Ionaums</strong></span> <span class='ocrx_word' id='word_1_185' title='bbox 3117 2951 3586 3029; x_wconf 72' lang='lat' dir='ltr'><strong>Bmounmr</strong></span> 
     </span>
     <span class='ocr_line' id='line_1_20' title="bbox 535 3067 3592 3170; baseline 0 -24"><span class='ocrx_word' id='word_1_186' title='bbox 535 3072 609 3146; x_wconf 89' lang='lat' dir='ltr'><strong>in</strong></span> <span class='ocrx_word' id='word_1_187' title='bbox 678 3071 1019 3170; x_wconf 83' lang='lat' dir='ltr'><strong>augendis</strong></span> <span class='ocrx_word' id='word_1_188' title='bbox 1075 3068 1419 3145; x_wconf 85' lang='lat' dir='ltr'><strong>thesauris</strong></span> <span class='ocrx_word' id='word_1_189' title='bbox 1466 3069 1741 3170; x_wconf 84' lang='lat' dir='ltr'><strong>generis</strong></span> <span class='ocrx_word' id='word_1_190' title='bbox 1788 3069 2078 3144; x_wconf 90' lang='lat' dir='ltr'><strong>humani</strong></span> <span class='ocrx_word' id='word_1_191' title='bbox 2118 3067 2383 3144; x_wconf 88' lang='lat' dir='ltr'><strong>merita.</strong></span> <span class='ocrx_word' id='word_1_192' title='bbox 2483 3068 2920 3144; x_wconf 85' lang='lat' dir='ltr'><strong>Eminebunt</strong></span> <span class='ocrx_word' id='word_1_193' title='bbox 2961 3094 3234 3170; x_wconf 89' lang='lat' dir='ltr'><strong>semper</strong></span> <span class='ocrx_word' id='word_1_194' title='bbox 3281 3072 3592 3170; x_wconf 88' lang='lat' dir='ltr'><strong>praecla-</strong></span> 
     </span>
     <span class='ocr_line' id='line_1_21' title="bbox 532 3185 3586 3289; baseline 0 -24"><span class='ocrx_word' id='word_1_195' title='bbox 532 3191 841 3266; x_wconf 88' lang='lat' dir='ltr'><strong>rissimae</strong></span> <span class='ocrx_word' id='word_1_196' title='bbox 904 3191 1054 3265; x_wconf 89' lang='lat' dir='ltr'><strong>eius</strong></span> <span class='ocrx_word' id='word_1_197' title='bbox 1109 3189 1375 3289; x_wconf 84' lang='lat' dir='ltr'><strong>ingenii</strong></span> <span class='ocrx_word' id='word_1_198' title='bbox 1438 3188 1677 3280; x_wconf 90' lang='lat' dir='ltr'><strong>dotes,</strong></span> <span class='ocrx_word' id='word_1_199' title='bbox 1738 3187 2213 3265; x_wconf 85' lang='lat' dir='ltr'><strong>laudabuntur</strong></span> <span class='ocrx_word' id='word_1_200' title='bbox 2268 3187 2455 3264; x_wconf 87' lang='lat' dir='ltr'><strong>bona</strong></span> <span class='ocrx_word' id='word_1_201' title='bbox 2501 3188 2758 3264; x_wconf 84' lang='lat' dir='ltr'><strong>eximia</strong></span> <span class='ocrx_word' id='word_1_202' title='bbox 2813 3185 3076 3264; x_wconf 84' lang='lat' dir='ltr'><strong>exinde</strong></span> <span class='ocrx_word' id='word_1_203' title='bbox 3125 3193 3296 3266; x_wconf 88' lang='lat' dir='ltr'><strong>orta.</strong></span> <span class='ocrx_word' id='word_1_204' title='bbox 3395 3191 3586 3265; x_wconf 90' lang='lat' dir='ltr'><strong>Hinc</strong></span> 
     </span>
     <span class='ocr_line' id='line_1_22' title="bbox 536 3306 3588 3407; baseline -0 -23"><span class='ocrx_word' id='word_1_205' title='bbox 536 3334 790 3386; x_wconf 87' lang='lat' dir='ltr'><strong>nomen</strong></span> <span class='ocrx_word' id='word_1_206' title='bbox 838 3308 989 3386; x_wconf 87' lang='lat' dir='ltr'><strong>eius</strong></span> <span class='ocrx_word' id='word_1_207' title='bbox 1032 3309 1465 3386; x_wconf 82' lang='lat' dir='ltr'><strong>immortale.</strong></span> <span class='ocrx_word' id='word_1_208' title='bbox 1544 3308 1680 3397; x_wconf 84' lang='lat' dir='ltr'><strong>Iis,</strong></span> <span class='ocrx_word' id='word_1_209' title='bbox 1721 3331 1906 3407; x_wconf 88' lang='lat' dir='ltr'><strong>quae</strong></span> <span class='ocrx_word' id='word_1_210' title='bbox 1944 3307 2259 3405; x_wconf 89' lang='lat' dir='ltr'><strong>reliquit,</strong></span> <span class='ocrx_word' id='word_1_211' title='bbox 2290 3306 2558 3406; x_wconf 84' lang='lat' dir='ltr'><strong>ingenii</strong></span> <span class='ocrx_word' id='word_1_212' title='bbox 2591 3306 3114 3407; x_wconf 88' lang='lat' dir='ltr'><strong>industriaeque</strong></span> <span class='ocrx_word' id='word_1_213' title='bbox 3153 3307 3588 3384; x_wconf 89' lang='lat' dir='ltr'><strong>documentis</strong></span> 
     </span>
    </p>
   </div>
   <div class='ocr_carea' id='block_1_5' title="bbox 536 3424 3720 3552">
    <p class='ocr_par' dir='ltr' id='par_1_6' title="bbox 536 3424 3720 3552">
     <span class='ocr_line' id='line_1_23' title="bbox 536 3424 3720 3552; baseline 0.002 -51"><span class='ocrx_word' id='word_1_214' title='bbox 536 3437 608 3501; x_wconf 89' lang='lat' dir='ltr'><strong>et</strong></span> <span class='ocrx_word' id='word_1_215' title='bbox 662 3451 789 3503; x_wconf 89' lang='lat' dir='ltr'><strong>nos</strong></span> <span class='ocrx_word' id='word_1_216' title='bbox 836 3428 1169 3514; x_wconf 85' lang='lat' dir='ltr'><strong>fruimur,</strong></span> <span class='ocrx_word' id='word_1_217' title='bbox 1234 3451 1465 3525; x_wconf 84' lang='lat' dir='ltr'><strong>neque</strong></span> <span class='ocrx_word' id='word_1_218' title='bbox 1527 3427 1610 3501; x_wconf 78' lang='lat' dir='ltr'><strong>ea‘</strong></span> <span class='ocrx_word' id='word_1_219' title='bbox 1654 3425 1995 3552; x_wconf 82' lang='lat' dir='ltr'><strong>umquam</strong></span> <span class='ocrx_word' id='word_1_220' title='bbox 2053 3424 2460 3501; x_wconf 89' lang='lat' dir='ltr'><strong>interibunt.</strong></span> <span class='ocrx_word' id='word_1_221' title='bbox 2565 3426 2832 3500; x_wconf 84' lang='lat' dir='ltr'><strong>Omnes</strong></span> <span class='ocrx_word' id='word_1_222' title='bbox 2875 3426 3094 3526; x_wconf 86' lang='lat' dir='ltr'><strong>igitur</strong></span> <span class='ocrx_word' id='word_1_223' title='bbox 3147 3426 3345 3502; x_wconf 88' lang='lat' dir='ltr'><strong>decet</strong></span> <span class='ocrx_word' id='word_1_224' title='bbox 3389 3427 3588 3502; x_wconf 89' lang='lat' dir='ltr'><strong>illum</strong></span> <span class='ocrx_word' id='word_1_225' title='bbox 3715 3505 3720 3508; x_wconf 84' lang='lat'><strong>.</strong></span> 
     </span>
    </p>
   </div>
   <div class='ocr_carea' id='block_1_6' title="bbox 539 3543 3590 4341">
    <p class='ocr_par' dir='ltr' id='par_1_7' title="bbox 539 3543 3590 4245">
     <span class='ocr_line' id='line_1_24' title="bbox 540 3543 3590 3645; baseline 0 -23"><span class='ocrx_word' id='word_1_226' title='bbox 540 3549 873 3622; x_wconf 88' lang='lat' dir='ltr'><strong>honorem</strong></span> <span class='ocrx_word' id='word_1_227' title='bbox 924 3547 993 3620; x_wconf 88' lang='lat' dir='ltr'><strong>ei</strong></span> <span class='ocrx_word' id='word_1_228' title='bbox 1044 3545 1387 3634; x_wconf 86' lang='lat' dir='ltr'><strong>tribuere;</strong></span> <span class='ocrx_word' id='word_1_229' title='bbox 1454 3543 1759 3619; x_wconf 81' lang='lat' dir='ltr'><strong>maxime</strong></span> <span class='ocrx_word' id='word_1_230' title='bbox 1796 3567 1957 3619; x_wconf 81' lang='lat' dir='ltr'><strong>vero</strong></span> <span class='ocrx_word' id='word_1_231' title='bbox 2004 3568 2158 3633; x_wconf 87' lang='lat' dir='ltr'><strong>eos,</strong></span> <span class='ocrx_word' id='word_1_232' title='bbox 2207 3543 2467 3645; x_wconf 85' lang='lat' dir='ltr'><strong>quibus</strong></span> <span class='ocrx_word' id='word_1_233' title='bbox 2517 3543 3036 3644; x_wconf 88' lang='lat' dir='ltr'><strong>disciplinarum</strong></span> <span class='ocrx_word' id='word_1_234' title='bbox 3095 3547 3590 3624; x_wconf 87' lang='lat' dir='ltr'><strong>tradendarum</strong></span> 
     </span>
     <span class='ocr_line' id='line_1_25' title="bbox 540 3661 3588 3766; baseline 0 -24"><span class='ocrx_word' id='word_1_235' title='bbox 540 3691 706 3742; x_wconf 88' lang='lat' dir='ltr'><strong>cura</strong></span> <span class='ocrx_word' id='word_1_236' title='bbox 746 3666 1075 3742; x_wconf 85' lang='lat' dir='ltr'><strong>mandata</strong></span> <span class='ocrx_word' id='word_1_237' title='bbox 1126 3673 1266 3754; x_wconf 88' lang='lat' dir='ltr'><strong>est,</strong></span> <span class='ocrx_word' id='word_1_238' title='bbox 1314 3688 1615 3763; x_wconf 87' lang='lat' dir='ltr'><strong>quarum</strong></span> <span class='ocrx_word' id='word_1_239' title='bbox 1670 3661 1905 3738; x_wconf 88' lang='lat' dir='ltr'><strong>divino</strong></span> <span class='ocrx_word' id='word_1_240' title='bbox 1954 3687 2245 3739; x_wconf 89' lang='lat' dir='ltr'><strong>munere</strong></span> <span class='ocrx_word' id='word_1_241' title='bbox 2286 3664 2526 3739; x_wconf 89' lang='lat' dir='ltr'><strong>lumen</strong></span> <span class='ocrx_word' id='word_1_242' title='bbox 2579 3669 2744 3740; x_wconf 83' lang='lat' dir='ltr'><strong>erat.</strong></span> <span class='ocrx_word' id='word_1_243' title='bbox 2843 3665 3106 3740; x_wconf 90' lang='lat' dir='ltr'><strong>Melius</strong></span> <span class='ocrx_word' id='word_1_244' title='bbox 3157 3690 3322 3742; x_wconf 87' lang='lat' dir='ltr'><strong>vero</strong></span> <span class='ocrx_word' id='word_1_245' title='bbox 3379 3693 3588 3766; x_wconf 88' lang='lat' dir='ltr'><strong>quam</strong></span> 
     </span>
     <span class='ocr_line' id='line_1_26' title="bbox 540 3783 3588 3872; baseline -0 -10"><span class='ocrx_word' id='word_1_246' title='bbox 540 3786 1015 3862; x_wconf 90' lang='lat' dir='ltr'><strong>monumentis</strong></span> <span class='ocrx_word' id='word_1_247' title='bbox 1037 3794 1161 3861; x_wconf 89' lang='lat' dir='ltr'><strong>aut</strong></span> <span class='ocrx_word' id='word_1_248' title='bbox 1188 3785 1513 3860; x_wconf 88' lang='lat' dir='ltr'><strong>laudibus</strong></span> <span class='ocrx_word' id='word_1_249' title='bbox 1534 3783 1687 3858; x_wconf 87' lang='lat' dir='ltr'><strong>eius</strong></span> <span class='ocrx_word' id='word_1_250' title='bbox 1708 3783 2112 3859; x_wconf 86' lang='lat' dir='ltr'><strong>memoriam</strong></span> <span class='ocrx_word' id='word_1_251' title='bbox 2138 3784 2443 3858; x_wconf 92' lang='lat' dir='ltr'><strong>colemus</strong></span> <span class='ocrx_word' id='word_1_252' title='bbox 2457 3841 2478 3872; x_wconf 90' lang='lat'>‚</span> <span class='ocrx_word' id='word_1_253' title='bbox 2513 3783 2574 3859; x_wconf 90' lang='lat' dir='ltr'><strong>si</strong></span> <span class='ocrx_word' id='word_1_254' title='bbox 2611 3783 2958 3860; x_wconf 87' lang='lat' dir='ltr'><strong>enitamur</strong></span> <span class='ocrx_word' id='word_1_255' title='bbox 2996 3792 3077 3859; x_wconf 89' lang='lat' dir='ltr'><strong>ut</strong></span> <span class='ocrx_word' id='word_1_256' title='bbox 3117 3810 3206 3860; x_wconf 93' lang='lat' dir='ltr'><strong>ne</strong></span> <span class='ocrx_word' id='word_1_257' title='bbox 3235 3785 3588 3862; x_wconf 87' lang='lat' dir='ltr'><strong>doctrinae</strong></span> 
     </span>
     <span class='ocr_line' id='line_1_27' title="bbox 539 3903 3586 4006; baseline 0 -26"><span class='ocrx_word' id='word_1_258' title='bbox 539 3908 698 3983; x_wconf 90' lang='lat' dir='ltr'><strong>illae</strong></span> <span class='ocrx_word' id='word_1_259' title='bbox 738 3931 1073 4006; x_wconf 90' lang='lat' dir='ltr'><strong>umquam</strong></span> <span class='ocrx_word' id='word_1_260' title='bbox 1116 3911 1539 4004; x_wconf 87' lang='lat' dir='ltr'><strong>torpescant,</strong></span> <span class='ocrx_word' id='word_1_261' title='bbox 1590 3905 1713 3979; x_wconf 88' lang='lat' dir='ltr'><strong>sed</strong></span> <span class='ocrx_word' id='word_1_262' title='bbox 1758 3913 1839 3978; x_wconf 89' lang='lat' dir='ltr'><strong>ut</strong></span> <span class='ocrx_word' id='word_1_263' title='bbox 1886 3904 2073 3980; x_wconf 85' lang='lat' dir='ltr'><strong>iusto</strong></span> <span class='ocrx_word' id='word_1_264' title='bbox 2118 3927 2245 3978; x_wconf 93' lang='lat' dir='ltr'><strong>suo</strong></span> <span class='ocrx_word' id='word_1_265' title='bbox 2290 3903 2514 4002; x_wconf 87' lang='lat' dir='ltr'><strong>pretio</strong></span> <span class='ocrx_word' id='word_1_266' title='bbox 2556 3905 3008 3980; x_wconf 85' lang='lat' dir='ltr'><strong>aestimentur</strong></span> <span class='ocrx_word' id='word_1_267' title='bbox 3026 3962 3047 3993; x_wconf 93' lang='lat'><strong>,</strong></span> <span class='ocrx_word' id='word_1_268' title='bbox 3093 3905 3330 3982; x_wconf 86' lang='lat' dir='ltr'><strong>debito</strong></span> <span class='ocrx_word' id='word_1_269' title='bbox 3377 3908 3586 3982; x_wconf 88' lang='lat' dir='ltr'><strong>modo</strong></span> 
     </span>
     <span class='ocr_line' id='line_1_28' title="bbox 541 4021 3586 4122; baseline -0.001 -21"><span class='ocrx_word' id='word_1_270' title='bbox 541 4028 853 4102; x_wconf 90' lang='lat' dir='ltr'><strong>colantur</strong></span> <span class='ocrx_word' id='word_1_271' title='bbox 894 4035 965 4100; x_wconf 91' lang='lat' dir='ltr'><strong>et</strong></span> <span class='ocrx_word' id='word_1_272' title='bbox 1002 4025 1182 4101; x_wconf 87' lang='lat' dir='ltr'><strong>laete</strong></span> <span class='ocrx_word' id='word_1_273' title='bbox 1231 4025 1557 4113; x_wconf 83' lang='lat' dir='ltr'><strong>floreant3</strong></span> <span class='ocrx_word' id='word_1_274' title='bbox 1609 4030 1839 4122; x_wconf 77' lang='lat' dir='ltr'><strong>utque‘</strong></span> <span class='ocrx_word' id='word_1_275' title='bbox 1880 4023 1981 4098; x_wconf 85' lang='lat' dir='ltr'><strong>ita</strong></span> <span class='ocrx_word' id='word_1_276' title='bbox 2032 4022 2154 4096; x_wconf 83' lang='lat' dir='ltr'><strong>lux</strong></span> <span class='ocrx_word' id='word_1_277' title='bbox 2183 4021 2520 4110; x_wconf 81' lang='lat' dir='ltr'><strong>veritatis,</strong></span> <span class='ocrx_word' id='word_1_278' title='bbox 2563 4048 2742 4122; x_wconf 90' lang='lat' dir='ltr'><strong>quae</strong></span> <span class='ocrx_word' id='word_1_279' title='bbox 2781 4023 2854 4097; x_wconf 94' lang='lat' dir='ltr'><strong>in</strong></span> <span class='ocrx_word' id='word_1_280' title='bbox 2889 4023 2978 4098; x_wconf 89' lang='lat' dir='ltr'><strong>iis</strong></span> <span class='ocrx_word' id='word_1_281' title='bbox 3012 4022 3273 4112; x_wconf 90' lang='lat' dir='ltr'><strong>elucet,</strong></span> <span class='ocrx_word' id='word_1_282' title='bbox 3317 4035 3586 4100; x_wconf 88' lang='lat' dir='ltr'><strong>nosmet</strong></span> 
     </span>
     <span class='ocr_line' id='line_1_29' title="bbox 543 4141 2602 4245; baseline -0 -26"><span class='ocrx_word' id='word_1_283' title='bbox 543 4149 729 4245; x_wconf 88' lang='lat' dir='ltr'><strong>ipsos</strong></span> <span class='ocrx_word' id='word_1_284' title='bbox 774 4154 847 4220; x_wconf 90' lang='lat' dir='ltr'><strong>et</strong></span> <span class='ocrx_word' id='word_1_285' title='bbox 890 4153 1159 4221; x_wconf 88' lang='lat' dir='ltr'><strong>nostros</strong></span> <span class='ocrx_word' id='word_1_286' title='bbox 1208 4153 1279 4220; x_wconf 93' lang='lat' dir='ltr'><strong>et</strong></span> <span class='ocrx_word' id='word_1_287' title='bbox 1324 4169 1569 4221; x_wconf 87' lang='lat' dir='ltr'><strong>omnes</strong></span> <span class='ocrx_word' id='word_1_288' title='bbox 1615 4141 1840 4243; x_wconf 87' lang='lat' dir='ltr'><strong>magis</strong></span> <span class='ocrx_word' id='word_1_289' title='bbox 1876 4141 2241 4242; x_wconf 84' lang='lat' dir='ltr'><strong>magisque</strong></span> <span class='ocrx_word' id='word_1_290' title='bbox 2286 4142 2602 4218; x_wconf 86' lang='lat' dir='ltr'><strong>illustret.</strong></span> 
     </span>
    </p>

    <p class='ocr_par' dir='ltr' id='par_1_8' title="bbox 642 4263 1525 4341">
     <span class='ocr_line' id='line_1_30' title="bbox 642 4263 1525 4341; baseline 0.003 -3"><span class='ocrx_word' id='word_1_291' title='bbox 642 4263 839 4340; x_wconf 88' lang='lat' dir='ltr'><strong>Haec</strong></span> <span class='ocrx_word' id='word_1_292' title='bbox 888 4265 976 4339; x_wconf 89' lang='lat' dir='ltr'><strong>de</strong></span> <span class='ocrx_word' id='word_1_293' title='bbox 1022 4265 1525 4341; x_wconf 66' lang='lat' dir='ltr'><strong>Baauouuao,</strong></span> 
     </span>
    </p>
   </div>
   <div class='ocr_carea' id='block_1_7' title="bbox 1800 4417 2323 4428">
    <p class='ocr_par' dir='ltr' id='par_1_9' title="bbox 1800 4417 2323 4428">
     <span class='ocr_line' id='line_1_31' title="bbox 1800 4417 2323 4428; baseline 0 0"><span class='ocrx_word' id='word_1_294' title='bbox 1800 4417 2323 4428; x_wconf 95' lang='lat' dir='ltr'><strong> </strong></span> 
     </span>
    </p>
   </div>
   <div class='ocr_carea' id='block_1_8' title="bbox 548 4621 3588 4963">
    <p class='ocr_par' dir='ltr' id='par_1_10' title="bbox 548 4621 3588 4963">
     <span class='ocr_line' id='line_1_32' title="bbox 656 4621 3588 4724; baseline -0.001 -26"><span class='ocrx_word' id='word_1_295' title='bbox 656 4623 1009 4712; x_wconf 83' lang='lat' dir='ltr'><strong>Orationis</strong></span> <span class='ocrx_word' id='word_1_296' title='bbox 1084 4635 1575 4724; x_wconf 86' lang='lat' dir='ltr'><strong>argumentum</strong></span> <span class='ocrx_word' id='word_1_297' title='bbox 1637 4623 1809 4698; x_wconf 91' lang='lat' dir='ltr'><strong>mihi</strong></span> <span class='ocrx_word' id='word_1_298' title='bbox 1878 4623 2303 4698; x_wconf 86' lang='lat' dir='ltr'><strong>occasionem</strong></span> <span class='ocrx_word' id='word_1_299' title='bbox 2364 4622 2686 4723; x_wconf 87' lang='lat' dir='ltr'><strong>praebuit</strong></span> <span class='ocrx_word' id='word_1_300' title='bbox 2754 4621 3029 4696; x_wconf 88' lang='lat' dir='ltr'><strong>dicendi</strong></span> <span class='ocrx_word' id='word_1_301' title='bbox 3099 4623 3434 4698; x_wconf 88' lang='lat' dir='ltr'><strong>nonnulla</strong></span> <span class='ocrx_word' id='word_1_302' title='bbox 3501 4623 3588 4696; x_wconf 92' lang='lat' dir='ltr'><strong>de</strong></span> 
     </span>
     <span class='ocr_line' id='line_1_33' title="bbox 548 4739 3586 4842; baseline -0.001 -23"><span class='ocrx_word' id='word_1_303' title='bbox 548 4743 945 4820; x_wconf 90' lang='lat' dir='ltr'><strong>conditione</strong></span> <span class='ocrx_word' id='word_1_304' title='bbox 968 4801 987 4832; x_wconf 92' lang='lat'><strong>,</strong></span> <span class='ocrx_word' id='word_1_305' title='bbox 1051 4741 1125 4817; x_wconf 89' lang='lat' dir='ltr'><strong>in</strong></span> <span class='ocrx_word' id='word_1_306' title='bbox 1180 4739 1323 4842; x_wconf 75' lang='lat' dir='ltr'><strong>qua‘</strong></span> <span class='ocrx_word' id='word_1_307' title='bbox 1367 4742 1717 4819; x_wconf 89' lang='lat' dir='ltr'><strong>academia</strong></span> <span class='ocrx_word' id='word_1_308' title='bbox 1758 4749 1995 4818; x_wconf 92' lang='lat' dir='ltr'><strong>nostra</strong></span> <span class='ocrx_word' id='word_1_309' title='bbox 2044 4742 2211 4817; x_wconf 92' lang='lat' dir='ltr'><strong>olim</strong></span> <span class='ocrx_word' id='word_1_310' title='bbox 2270 4749 2538 4818; x_wconf 84' lang='lat' dir='ltr'><strong>versata</strong></span> <span class='ocrx_word' id='word_1_311' title='bbox 2591 4749 2718 4818; x_wconf 89' lang='lat' dir='ltr'><strong>est.</strong></span> <span class='ocrx_word' id='word_1_312' title='bbox 2817 4743 3030 4817; x_wconf 90' lang='lat' dir='ltr'><strong>Nunc</strong></span> <span class='ocrx_word' id='word_1_313' title='bbox 3065 4741 3365 4818; x_wconf 86' lang='lat' dir='ltr'><strong>breviter</strong></span> <span class='ocrx_word' id='word_1_314' title='bbox 3411 4743 3586 4818; x_wconf 88' lang='lat' dir='ltr'><strong>mihi</strong></span> 
     </span>
     <span class='ocr_line' id='line_1_34' title="bbox 552 4859 3142 4963; baseline -0 -23"><span class='ocrx_word' id='word_1_315' title='bbox 552 4863 1153 4943; x_wconf 85' lang='lat' dir='ltr'><strong>commemoranda</strong></span> <span class='ocrx_word' id='word_1_316' title='bbox 1203 4871 1369 4939; x_wconf 89' lang='lat' dir='ltr'><strong>sunt</strong></span> <span class='ocrx_word' id='word_1_317' title='bbox 1416 4864 1567 4941; x_wconf 90' lang='lat' dir='ltr'><strong>eius</strong></span> <span class='ocrx_word' id='word_1_318' title='bbox 1613 4863 1756 4941; x_wconf 81' lang='lat' dir='ltr'><strong>fata</strong></span> <span class='ocrx_word' id='word_1_319' title='bbox 1802 4887 1927 4963; x_wconf 89' lang='lat' dir='ltr'><strong>per</strong></span> <span class='ocrx_word' id='word_1_320' title='bbox 1978 4887 2243 4938; x_wconf 87' lang='lat' dir='ltr'><strong>annum</strong></span> <span class='ocrx_word' id='word_1_321' title='bbox 2290 4860 2760 4938; x_wconf 87' lang='lat' dir='ltr'><strong>academicum</strong></span> <span class='ocrx_word' id='word_1_322' title='bbox 2805 4859 3142 4961; x_wconf 89' lang='lat' dir='ltr'><strong>elapsum.</strong></span> 
     </span>
    </p>
   </div>
  </div>
 </body>
</html>
