4967 6217
1372 684 1501 751 218
2547 679 2602 745 1.
2663 676 2731 745 C.
2793 673 3214 744 G.13001·

1371 885 1774 962 memoriam
1834 884 2020 959 illius
2092 879 2419 982 temporis
2476 829 2699 957 redire
2771 881 3086 969 amabat,
3151 903 3374 979 quum
3443 879 3520 953 in
3585 879 3816 953 schola
3855 878 4122 957 Afrana
4173 882 4388 957 'l'heo-

1372 1006 1771 1103 phi-astum,
1852 1003 2183 1077 Plautum
2250 1010 2321 1076 et
2385 1002 2788 1076 Terentium
2859 998 3168 1098 quotidie
3223 999 3480 1097 legeret
3523 998 3625 1089 ⁰);
3714 998 4207 1088 wielandum,
4275 1004 4398 1101 qui

1366 1130 1649 1221 rogatus
1686 1148 1729 1197 a
1766 1145 1906 1221 quo
1944 1128 2211 1197 tantam
2251 1120 2581 1196 orationis
2627 1119 3074 1195 Germanicae
3122 1118 3518 1193 facultatem
3569 1124 3640 1191 et
3679 1118 3948 1217 copiam
3985 1121 4392 1219 accepisset,

1368 1266 1506 1317 non
1566 1249 1966 1317 cunctanter
2024 1242 2129 1316 M.
2179 1240 2485 1315 Tullium
2543 1239 2922 1313 nominavit
2979 1240 3114 1331 ¹⁰);
3165 1238 3463 1336 cogitate
3511 1236 3880 1313 Hooftium
3900 1296 3920 1327 ‚
3971 1240 4096 1338 qui
4143 1241 4392 1315 oratio·

1366 1384 1529 1435 nem
1588 1386 1784 1435 suam
1854 1361 1945 1435 ad
1997 1360 2219 1435 Taciti
2278 1360 2516 1435 stilum
2575 1358 3058 1445 conformavit,
3104 1356 3524 1431 Vondelium
3575 1355 3980 1431 Latinorum
4030 1367 4394 1457 poetarum

1328 1479 1635 1553 ‘felicem
1698 1480 2143 1579 interpretem
2164 1537 2184 1567 ,
2251 1480 2475 1577 iisque
2537 1477 2898 1576 adiungite
2946 1476 3474 1574 Bilderdykium
3523 1482 3595 1549 et
3635 1475 3986 1553 Palmium
4005 1534 4026 1563 ,
4077 1479 4204 1577 qui
4251 1480 4394 1553 sine

1363 1622 1563 1697 praes
1576 1598 1719 1674 idio
1760 1609 2071 1674 veterum
2138 1598 2498 1673 literarum
2572 1620 2935 1696 nunquam
3002 1594 3304 1692 profecto
3371 1594 3462 1669 ad
3510 1594 3978 1693 principatum
4029 1595 4108 1671 in
4155 1599 4394 1695 patriis

1364 1717 1581 1792 literis
1628 1718 2117 1818 pervenissent.

1464 1835 1647 1910 Satis
1684 1835 1856 1909 mihi
1894 1830 2127 1909 videor
2158 1834 2291 1909 hoc
2328 1835 2588 1909 crimen
2625 1833 2939 1921 diluisse3
2977 1832 3069 1907 ad
3097 1831 3361 1929 reliqua
3399 1856 3704 1931 pergam.
3804 1833 3994 1909 Nam
4027 1833 4085 1907 si
4119 1836 4396 1933 antiqui

1362 1954 1723 2053 scriptores
1766 1954 2291 2028 immoderatam
2332 1953 2532 2027 alunt
2581 1950 2917 2024 libertatis
2965 1947 3416 2047 cupiditatem
3462 1949 3654 2023 haud
3699 1948 3839 2023 scio
3889 1974 3980 2023 an
4025 1950 4382 2049 prudentis

1364 2073 1455 2145 sit
1507 2071 1869 2171 prohibere
1887 2128 1907 2159 ‚
1971 2097 2061 2145 ne
2120 2073 2383 2147 incauti
2428 2069 2968 2145 adolescentium
3011 2067 3228 2145 animi
3263 2068 3398 2141 ista
3445 2068 3602 2142 labe
3641 2068 4056 2144 inficiantur.
4153 2072 4388 2169 Atque

1361 2198 1467 2263 est
1538 2189 1707 2263 haec
1778 2190 2123 2263 accusatio
2190 2191 2496 2289 speciosa
2513 2245 2532 2276 ‚
2602 2188 2931 2285 quoniam
2999 2188 3203 2285 longe
3267 2186 3550 2285 plurimi
3611 2187 3970 2285 scriptores
4021 2190 4274 2265 Graeci
4319 2191 4392 2263 in

1361 2308 1599 2383 libera·
1638 2307 1913 2383 civitate
1977 2309 2337 2396 vixerunt,
2402 2307 2738 2381 Romanis
2795 2313 3032 2381 autem
3075 2305 3348 2403 regium
3395 2330 3650 2379 nomen
3695 2330 4020 2405 perquam
4071 2308 4392 2383 odiosum

1358 2428 1575 2503 fuisse
1622 2435 1910 2504 constat.
2012 2428 2151 2503 Sed
2197 2428 2356 2527 quis
2404 2428 2690 2502 tandem
2731 2426 2818 2501 iis
2867 2425 3206 2499 libertatis
3245 2449 3550 2500 amorem
3591 2432 3663 2499 et
3707 2426 4090 2523 tyrannidis
4141 2429 4392 2503 odium

1362 2548 1765 2647 exprobret,
1834 2548 1971 2622 nisi
2040 2548 2215 2623 forte
2276 2548 2592 2621 medium
2650 2570 2898 2620 aevum
2967 2545 3276 2618 humano
3344 2543 3584 2643 generi
3641 2543 4110 2619 felicissimum
4167 2546 4389 2619 fuisse

1360 2666 1545 2741 idem
1587 2666 2001 2741 contendit?
2094 2668 2361 2741 Amant
2405 2674 2477 2740 et
2523 2666 2813 2741 laudant
2847 2663 3236 2739 libertatem
3255 2722 3276 2751 ,
3329 2663 3452 2738 sed
3483 2663 3760 2763 legibus
3797 2662 4160 2737 fundatam
4179 2722 4200 2752 ,
4245 2688 4386 2737 non

1357 2783 1582 2881 plebis
1626 2784 1977 2859 furoribus
2022 2786 2396 2884 agitatam3
2446 2785 2744 2861 oderunt
2795 2792 3120 2881 tyrannos
3138 2841 3159 2871 ,
3208 2784 3334 2881 qui
3387 2783 3646 2859 iniusta
3693 2782 4168 2857 dominatione
4216 2783 4396 2858 cives

1359 2925 1523 2977 suos
1576 2903 2017 3000 opprimunt,
2088 2906 2212 2979 sed
2252 2906 2337 2979 iis
2356 2963 2376 2992 ‚
2426 2906 2518 2979 ad
2562 2928 2736 3001 quos
2779 2902 3148 3003 imperium
3195 2902 3501 3001 legitime
3543 2902 3856 3001 pervenit
3911 2902 4176 3000 quique
4221 2902 4394 2977 illud

1358 3042 1499 3093 non
1557 3019 1795 3118 inique
1864 3028 2222 3110 exercent,
2298 3023 2441 3097 sive
2512 3047 2697 3096 unus
2771 3029 2875 3095 est
2945 3023 3084 3097 sive
3149 3022 3382 3120 plures
3445 3022 3586 3095 sive
3645 3028 3834 3095 totus
3883 3022 4178 3121 populus
4199 3080 4220 3110 ,
4283 3023 4395 3097 ius

1358 3162 1569 3213 suum
1607 3138 2013 3237 relinquunt
2054 3142 2407 3241 integrum
2450 3150 2524 3215 et
2562 3166 2964 3239 quanquam
2995 3140 3290 3215 civitatis
3333 3165 3498 3214 suae
3534 3140 3700 3215 vitia
3738 3165 3880 3215 non
3922 3140 4391 3228 dissimulant,

1354 3282 1718 3356 nunquam
1786 3267 2021 3335 tamen
2088 3262 2181 3335 ad
2238 3286 2349 3336 res
2411 3285 2624 3336 novas
2671 3248 3009 3337 excitant.
3113 3261 3316 3341 Quae
3371 3261 3524 3335 laus
3567 3284 3722 3349 non,
3759 3260 4004 3358 paucis
4056 3260 4351 3335 debetur
4368 3319 4389 3348 ,

1356 3377 1479 3453 sed
1520 3378 1611 3453 ad
1656 3402 1897 3453 omnes
1940 3381 2283 3478 pertinet,
2330 3404 2558 3479 neque
2602 3379 2805 3455 credo
2849 3380 3030 3455 inter
3065 3379 3390 3478 antiquos
3435 3380 3796 3478 scriptores
3843 3378 4070 3453 ullum
4103 3379 4396 3455 inveniri

1350 3505 1497 3572 tam
1562 3496 1687 3571 otii
1748 3498 2011 3596 publici
2071 3499 2433 3575 inimicum
2452 3558 2473 3586 ,
2543 3500 2784 3597 quales
2827 3498 3164 3573 recentior
3213 3508 3400 3575 aetas
3443 3500 3678 3598 plures
3725 3500 4036 3598 protulit.
4137 3501 4388 3599 Neque

1352 3616 1551 3691 valde
1612 3616 2007 3693 timendum
2073 3619 2345 3693 videtur
2361 3678 2383 3706 ,
2451 3626 2536 3693 ut
2594 3618 3010 3693 democratia
3067 3619 3304 3693 Attica
3321 3678 3342 3706 ‚
3369 3608 3673 3717 'qualem
3721 3643 3808 3695 ex
3847 3618 4152 3693 historiis
4197 3620 4388 3693 Thu-

1352 3734 1619 3831 cydidis
1636 3789 1658 3822 ,
1726 3758 1813 3809 ex
1874 3736 2299 3811 orationibus
2358 3737 2852 3811 Demosthenis
2903 3746 2974 3810 et
3021 3737 3270 3833 Lysiae
3325 3747 3449 3812 aut
3503 3764 3544 3812 e
3597 3737 3854 3813 fabulis
3901 3737 4386 3837 Aristophanis

1351 3852 1835 3952 cognoscimus
1849 3910 1871 3941 ,
1919 3854 2251 3931 eximium
2310 3856 2421 3931 sui
2472 3880 2774 3931 amorem
2823 3863 2894 3933 et
2935 3855 3354 3933 desiderium
3393 3858 3582 3957 apud
3629 3858 3916 3933 lectores
3957 3858 4209 3931 excitet
4254 3866 4384 3931 aut

1315 3960 1435 4047 ‘ut
1500 3972 1593 4059 ii,
1665 3972 1789 4070 qui
1858 3975 2049 4073 apud
2114 3974 2392 4049 Livium
2456 3983 2826 4075 perpetuas
2893 3978 3365 4053 contentiones
3433 3977 3614 4051 inter
3679 3985 3912 4075 patres
3971 3984 4042 4050 et
4101 3974 4384 4074 plebem

1352 4092 1644 4190 agitatas
1705 4091 1938 4190 legent
1956 4150 1977 4181 ,
2048 4082 2343 4169 similem
2408 4096 2544 4171 sibi
2607 4096 2890 4195 suisque
2935 4096 3200 4176 civibus
3247 4096 3350 4171 rei
3402 4096 3722 4196 publicae
3767 4095 4064 4171 formam
4110 4102 4380 4194 optent.

1350 4210 1613 4308 Ecquis
1670 4218 1905 4287 autem
1968 4212 2291 4312 ingenuis
2344 4216 2748 4313 parentibus
2809 4225 3002 4291 ortus
3045 4242 3248 4315 aegre
3285 4217 3461 4291 ferat
3504 4216 3823 4291 Tacitum
3870 4224 3941 4289 et
3981 4215 4386 4289 Iuvenalem

1349 4330 1693 4405 malorum
1748 4333 2125 4411 Caesarum
2175 4336 2544 4409 memoriae
2593 4337 3044 4434 turpitudinis
3103 4346 3340 4412 notam
3397 4338 3670 4411 inurere
3727 4342 3852 4411 aut
3889 4336 4124 4435 potius
4167 4358 4386 4433 quam

1348 4450 1475 4524 hos
1538 4475 1735 4525 verae
1776 4452 2137 4527 'libertatis
2202 4478 2570 4552 praecones
2640 4457 2806 4531 viles
2873 4457 3222 4557 potentiae
3283 4457 3673 4533 adulatores
3723 4456 3796 4531 in
3837 4455 4380 4531 adolescentium

1347 4569 1671 4645 manibus
1716 4596 1865 4645 esse
1909 4573 2159 4647 malit?
2261 4575 2401 4648 Sed
2437 4576 2610 4673 qu'id
2650 4576 2963 4675 exempla
2999 4576 3242 4665 affero,
3291 4601 3513 4676 quum
3555 4601 3664 4651 res
3701 4575 3836 4650 alio
3879 4574 4086 4648 modo
4127 4573 4382 4647 melius

1348 4687 1633 4786 probari
1694 4690 1964 4787 possit?
2074 4692 2261 4769 Nam
2328 4694 2690 4795 ingenium
2768 4697 3009 4801 populi
3072 4698 3332 4796 optime
3415 4696 3851 4796 cognoscitur
3917 4719 3956 4767 e
4025 4692 4374 4767 literarum

1350 4809 1819 4883 monumentis
1836 4866 1857 4898 ,
1904 4810 2245 4911 imprimis
2310 4815 2371 4889 si
2435 4816 2690 4915 scripta
2745 4825 2908 4891 sunt
2969 4842 3032 4912 a·
3072 4816 3232 4893 viris
3287 4817 3358 4891 in
3406 4816 3556 4916 ipsa
3607 4841 3680 4891 re
3737 4812 4017 4915 publica
4075 4810 4380 4912 gerenda
