4967 6217
1785 675 2346 745 ORATIO.
3494 682 3579 747 27

553 884 683 965 hoc
709 881 1116 984 parentandi
1149 880 1452 959 officium
1493 903 1684 959 nunc
1722 882 2216 981 praestandum
2260 888 2368 956 est
2401 880 2683 955 nemini.
2782 879 3033 955 Vivitis
3071 880 3259 957 enim
3296 906 3539 959 omnes
3553 943 3574 974 ‚

552 1003 705 1081 Viri
755 1002 1150 1083 clarissimi!
1220 1002 1318 1077 sic
1381 999 1608 1077 vivitis
1667 1008 1878 1100 atque
1932 1001 2174 1077 valetis
2190 1060 2212 1091 ,
2272 1008 2356 1075 ut
2404 1024 2581 1098 quas
2642 998 2837 1075 dedit
2877 999 3071 1074 vobis
3118 1002 3315 1075 Deus
3357 1002 3573 1081 vitam

557 1121 872 1220 viresque
885 1180 907 1211 ,
931 1108 1220 1221 'prolatis
1247 1120 1458 1197 etiam
1485 1121 1578 1195 ad
1603 1146 2044 1196 communem
2074 1122 2394 1196 notitiam
2422 1120 2725 1219 scriptis,
2755 1119 2981 1197 dicare
3008 1122 3310 1219 pergatis
3335 1122 3574 1200 iuven·

552 1238 726 1315 tutis
781 1240 1236 1317 Academicae
1283 1238 1663 1313 commodis
1685 1296 1707 1326 ,
1767 1238 2216 1336 Reipublicae
2257 1238 2593 1313 literariae
2642 1239 3065 1315 incremento
3081 1298 3102 1328 ,
3157 1240 3575 1318 Academiae

553 1357 1020 1437 emolumento
1068 1382 1149 1433 ac
1200 1355 1474 1453 gloriae.
1595 1356 1753 1431 Hoc
1811 1365 2045 1431 autem
2103 1356 2197 1445 si,
2261 1363 2460 1454 grata
2502 1356 2657 1430 Deo
2692 1365 2925 1431 mente
2943 1414 2965 1445 ,
3012 1358 3207 1433 vobis
3248 1360 3575 1435 omnibus

553 1476 864 1575 gratulor
877 1533 899 1563 ,
948 1474 1270 1572 Collegae
1315 1472 1882 1551 Honoratissimi!
1933 1474 2019 1548 iis
2062 1481 2245 1549 certe
2283 1480 2591 1549 vestrum
2627 1473 2816 1551 haud
2854 1475 3095 1549 infimo
3133 1476 3282 1551 loco
3295 1535 3315 1564 ,
3358 1503 3533 1575 quos
3549 1538 3571 1568 ,

551 1592 796 1671 aetatis
837 1616 1048 1669 causa
1095 1592 1238 1669 iam
1285 1591 1508 1667 otium
1551 1591 2004 1667 honorificum
2049 1598 2354 1679 nactos,
2385 1589 2496 1663 vel
2542 1590 2639 1665 sic
2687 1598 2920 1665 tamen
2962 1591 3188 1667 salvos
3231 1592 3573 1692 vigentes-

551 1734 690 1807 que
735 1711 1128 1809 gaudemus
1145 1767 1168 1799 ,
1215 1710 1358 1785 imo
1407 1708 1542 1787 hoc
1586 1710 1895 1785 fruentes
1941 1709 2202 1807 insigni
2241 1708 2574 1783 beneficio
2619 1708 2786 1797 Dei,
2812 1717 2917 1783 'ut
2956 1710 3063 1785 vel
3101 1710 3176 1784 in
3222 1720 3575 1789 senectute

547 1828 869 1918 floreant,
915 1836 1127 1927 atque
1174 1828 1627 1918 Academiae,
1672 1828 1924 1904 Literis
1943 1886 1964 1917 ,
2013 1827 2285 1905 Patriae
2334 1852 2484 1902 sese
2531 1827 2932 1903 utilissimos
2979 1837 3349 1926 praestent.

645 1948 856 2026 Quod
878 2002 898 2036 ,
961 1955 1044 2021 ut
1108 1947 1430 2022 absentes
1493 1948 1731 2023 sileam
1751 2006 1770 2035 ‚
1832 1948 1962 2021 tibi
2021 1947 2287 2020 dictum
2341 1946 2468 2033 sit,
2530 1945 2988 2021 celeberrime
3042 1947 3443 2025 Trmfflanl
3494 1952 3569 2025 in

545 2065 747 2140 cuius
793 2065 996 2141 dictis
1014 2123 1035 2154 ‚
1083 2066 1354 2165 scriptis
1370 2124 1392 2153 ,
1437 2065 1638 2140 factis
1679 2066 2050 2140 iuvenilem
2084 2088 2260 2163 pene
2293 2065 2602 2161 vigorem
2636 2062 3107 2138 desideramus
3144 2090 3527 2165 numquam
3553 2127 3574 2156 ,

546 2183 797 2281 cuique
843 2182 1190 2257 diutinam
1233 2182 1451 2258 vitam
1497 2208 1540 2257 a
1576 2184 1730 2258 Deo
1785 2190 2194 2280 exoptamus
2237 2182 2311 2257 in
2361 2190 2640 2257 tuorum
2695 2184 2908 2282 atque
2957 2183 3231 2259 Patriae
3270 2186 3569 2265 bonum!

641 2301 791 2379 Qui
857 2307 1096 2378 autem
1169 2308 1242 2378 te
1313 2298 1512 2376 silere
1577 2324 1766 2379 nunc
1832 2326 2106 2399 possem
2123 2358 2145 2389 ,
2217 2301 2796 2379 coniunctissime
2852 2325 3002 2377 van
3058 2302 3403 2381 Hamus!
3454 2310 3580 2405 qui

544 2426 966 2519 quantopere
1022 2444 1270 2519 pergas
1341 2444 1614 2520 semper
1662 2422 2067 2497 mandatam
2115 2420 2248 2494 tibi
2297 2422 2619 2518 Spartam
2658 2420 2877 2509 tueri,
2926 2428 2999 2495 et
3057 2425 3581 2501 Commentarius

543 2538 658 2615 ille
712 2545 882 2615 tuus
937 2563 1162 2638 nuper
1223 2539 1460 2614 editus
1506 2540 1753 2637 probat
1775 2597 1798 2629 ,
1846 2563 2165 2637 quaeque
2212 2538 2559 2615 indefesso
2608 2538 2839 2613 studio
2883 2562 3063 2613 nova
3121 2565 3329 2640 opera
3371 2568 3575 2641 paras

545 2656 755 2733 etiam
790 2681 994 2757 porro
1030 2656 1155 2733 diu
1197 2657 1648 2736 testificatum
1685 2682 2061 2758 speramus.
2139 2656 2334 2736 Quid
2367 2657 2621 2731 mirum
2637 2713 2659 2744 ,
2696 2657 2755 2731 si
2790 2656 2935 2731 viro
2970 2668 3115 2732 tam
3156 2661 3363 2735 alacri
3396 2670 3575 2739 tam-

541 2800 679 2875 que
740 2776 1090 2859 studiosae
1149 2776 1532 2864 iuventuti,
1588 2776 2039 2864 Academiae,
2105 2774 2451 2851 Ecclesiae
2505 2768 2877 2849 utilissimo
2934 2800 3236 2874 semper,
3285 2802 3328 2852 a
3378 2780 3575 2879 Rege

543 2918 893 2975 successor
961 2894 1276 2973 nondum
1341 2894 1432 2970 sit
1499 2894 1760 2969 datus?
1875 2895 2026 2968 Nos
2090 2900 2273 2969 certe
2293 2951 2314 2982 ,
2381 2891 2506 2990 qui
2572 2900 2645 2969 te
2699 2893 2774 2969 in
2822 2894 3179 2973 Facultate
3220 2896 3577 2996 Collegam

543 3012 896 3111 diligimus
953 3020 1028 3090 et
1084 3011 1370 3087 maximi
1425 3011 1720 3089 facimus
1738 3072 1760 3103 ,
1821 3021 1894 3088 te
1959 3012 2089 3089 tibi
2157 3037 2378 3089 unum
2430 3012 2775 3111 optimum
2834 3012 3046 3087 fuisse
3112 3037 3573 3095 successorem

539 3130 949 3231 gaudemus.
1047 3130 1237 3207 Velit
1275 3137 1513 3210 autem
1555 3132 1752 3207 Deus
1805 3133 1904 3209 sic
1958 3157 2160 3232 porro
2198 3131 2332 3207 tibi
2381 3131 2595 3207 vitam
2638 3130 2951 3229 viresque
2998 3132 3270 3231 largiri,
3318 3143 3399 3212 ut
3448 3160 3573 3235 per

537 3249 794 3330 multos
857 3250 1066 3325 etiam
1135 3273 1360 3325 annos
1432 3256 1505 3325 et
1556 3251 1760 3329 nobis
1834 3248 2136 3350 supersis
2189 3256 2262 3327 et
2327 3249 2836 3349 Theologorum
2901 3250 2977 3323 in
3034 3252 3269 3329 Patria
3313 3254 3569 3332 Nestor

537 3376 662 3445 tuo
710 3369 860 3445 iure
903 3368 1230 3444 omnibus
1277 3370 1558 3445 audias!
3034 3380 3039 3383 ’

635 3489 730 3563 Et
795 3494 868 3561 te
929 3487 1246 3562 omnium
1303 3488 1586 3563 nomine
1649 3512 1882 3563 coram
1951 3512 2140 3563 nunc
2206 3486 2466 3585 alloqui
2538 3508 2795 3583 magno
2856 3486 3033 3561 mihi
3102 3489 3363 3588 gaudio
3426 3498 3534 3567 est
3548 3549 3569 3580 ,

540 3605 647 3681 01.
713 3606 1210 3681 nmmum-1
1336 3606 1572 3684 Quam
1636 3604 1822 3679 enim
1842 3663 1862 3694 ,
1932 3605 2046 3679 die
2104 3628 2156 3681 x
2221 3606 2268 3678 J
2271 3604 2419 3678 unii
2436 3660 2458 3691 ,
2528 3602 2850 3701 privatim
2918 3605 3045 3679 tibi
3090 3608 3571 3705 gratulabatur

541 3724 871 3811 Senatus,
945 3722 1612 3822 gratulabanturque
1677 3748 1934 3823 magno
2007 3747 2300 3798 numero
2368 3720 2612 3809 amici,
2686 3721 2983 3795 cultores
3003 3781 3024 3812 ,
3099 3724 3423 3823 discipuli
3493 3728 3569 3803 in

537 3841 760 3941 patria
821 3865 1094 3917 omnes:
1167 3841 1568 3917 Professorii
1632 3842 1940 3917 muneris
2001 3842 2404 3919 memoriam
2447 3842 2591 3917 iam
2642 3839 3216 3941 quinquagenarii
3266 3845 3565 3923 celebra-

539 3966 684 4035 tam
705 4017 728 4049 ,
773 3959 954 4035 hanc
997 3959 1173 4035 festo
1217 3961 1348 4037 hoc
1391 3961 1539 4050 die,
1586 3969 1783 4059 grato
1822 3960 2053 4035 animo
2076 4017 2097 4049 ,
2145 3960 2262 4049 sic,
2285 3960 2652 4035 recolimus
2694 3959 3009 4059 publice,
3056 3970 3141 4037 ut
3184 3964 3378 4043 nulla
3420 3988 3563 4043 non

537 4102 663 4177 pro
707 4078 847 4154 vita
890 4085 1016 4160 tua
1059 4087 1270 4179 atque
1317 4080 1538 4155 salute
1584 4082 1736 4155 Deo
1781 4086 1942 4154 vota
1982 4079 2305 4155 feramus.

637 4196 835 4271 Haec
906 4206 1140 4273 autem
1207 4206 1368 4275 vota
1426 4208 1500 4275 et
1565 4206 1638 4275 te
1696 4206 2241 4297 prosequuntur,
2311 4198 2358 4271 J
2361 4220 2507 4273 Aur.
2574 4221 2726 4273 vau
2768 4198 2941 4273 'nna
3010 4198 3362 4275 Honvim!
3438 4200 3567 4275 Vir

543 4314 1042 4392 Celeberrime!
1126 4318 1328 4396 Quae
1370 4317 1700 4395 nimirum
1739 4316 1871 4393 tibi
1915 4318 2204 4393 felicitas
2244 4319 2572 4419 contigit,
2620 4326 2703 4393 ut
2746 4318 3073 4417 quintum
3114 4317 3565 4393 Professionis

541 4433 842 4513 lustrum
899 4435 1222 4511 omnibus
1284 4437 1778 4536 plaudentibus
1847 4438 2206 4536 perficeres
2269 4438 2343 4513 in
2409 4462 2747 4538 magnum
2800 4435 3197 4533 disciplinae
3211 4493 3232 4524 ,
3294 4435 3369 4511 in
3421 4460 3563 4535 qua

541 4577 790 4653 regnas
807 4612 828 4643 ,
899 4560 972 4629 et
1029 4554 1443 4631 Academiae
1501 4558 2045 4633 emolumentum
2061 4615 2083 4646 ,
2153 4558 2477 4635 omnibus
2545 4556 2749 4633 nobis
2822 4556 3075 4631 excitat
3142 4553 3565 4631 desiderium

541 4670 686 4747 fore
700 4729 721 4760 ,
769 4678 890 4759 ut,
941 4671 1132 4769 quod
1181 4672 1716 4750 anwsanrro
1767 4674 2012 4749 datum
2051 4683 2200 4766 est,
2247 4674 2541 4753 totidem
2594 4682 2666 4756 et
2714 4674 2847 4749 tibi
2890 4698 2974 4751 ea
2988 4732 3010 4765 ,
3059 4698 3238 4774 quae
3280 4674 3561 4753 effluxe-

546 4798 744 4881 runt,
793 4789 1230 4889 professionis
1277 4799 1440 4870 tuae
1487 4793 1706 4869 lustra
1752 4800 2148 4891 sequantur.

3064 4916 3114 4985 4
3134 4912 3176 4958 ⁴.
