4967 6217
1883 725 2437 795 ORATIO.
3543 728 3668 795 207

642 933 1063 1033 diligebant,
1113 934 1553 1033 prudentiam
1592 942 1665 1009 et
1702 935 2165 1032 eloquentiam
2206 934 2758 1020 admirabantur,
2797 931 3058 1006 scholas
3099 930 3628 1028 frequentabant
3643 965 3662 1017 ;

602 1053 767 1127 -sed
846 1054 1068 1128 iustae
1145 1054 1459 1151 petitioni
1536 1054 1763 1127 resisti
1832 1078 1971 1130 non
2037 1056 2286 1154 potuit.
2408 1056 2658 1153 Itaque
2733 1051 3142 1151 amplissimi
3215 1050 3661 1149 magistratus

642 1172 1005 1250 honestam
1082 1170 1479 1275 missionem
1557 1173 1831 1272 roganti
1912 1174 2253 1248 dederunt
2273 1232 2293 1261 ,
2386 1174 2511 1247 sed
2587 1171 2863 1245 honoris
2947 1195 3154 1243 causa
3192 1169 3392 1249 illum
3463 1194 3661 1269 roga-

636 1296 841 1376 runt,
914 1297 1028 1377 ut,
1100 1299 1439 1387 quantum
1500 1299 1768 1388 posset,
1834 1291 2182 1365 iuventuti
2243 1292 2460 1365 bonas
2529 1291 2790 1369 litteras
2850 1289 3101 1363 colenti
3160 1289 3545 1369 consuleret
3592 1295 3665 1362 et

636 1434 791 1483 eam
866 1409 1297 1506 disciplinam
1313 1466 1335 1497 ,
1404 1434 1616 1506 quam
1690 1432 1854 1507 prae
1929 1410 2173 1483 ceteris
2244 1409 2473 1508 diligit
2535 1418 2606 1481 et
2669 1408 2964 1506 egregiis
3031 1407 3224 1481 libris
3288 1408 3662 1506 promovit,

638 1528 887 1603 scholis
959 1530 1102 1603 suis
1156 1529 1493 1627 explicare
1547 1536 1883 1628 pergeret.
1984 1529 2175 1603 Huic
2218 1528 2559 1629 rogationi
2601 1528 2662 1603 si
2711 1527 2883 1625 quid
2927 1550 3082 1600 mea
3133 1551 3294 1600 voce
3341 1527 3664 1623 ponderis

637 1649 803 1723 addi
871 1656 1141 1747 posset,
1211 1649 1485 1748 publice
1546 1648 1635 1723 ab
1708 1673 1789 1723 eo
1848 1649 2245 1747 petivissem
2267 1706 2286 1735 ,
2351 1657 2433 1722 ut
2499 1647 2629 1720 hoc
2683 1670 2861 1720 onus
2905 1645 3224 1719 historiae
3275 1646 3660 1731 docendae,

636 1768 825 1867 quod
876 1767 1065 1841 mihi·
1102 1791 1357 1857 novum
1406 1776 1623 1857 esset,
1672 1768 2040 1866 reciperet,
2090 1769 2325 1867 itaque
2366 1792 2532 1841 suae
2571 1774 2642 1839 et
2683 1766 2757 1841 in
2802 1766 2928 1839 hos
2965 1764 3310 1840 Athenaei
3347 1765 3662 1839 alumnos

636 1882 715 1960 et'
772 1886 845 1959 in
917 1912 1030 1959 me
1100 1887 1473 1960 voluntatis
1540 1886 1813 1985 insigne
1880 1888 2234 1963 exhiberet
2275 1926 2279 1931 ⁴
2316 1888 2832 1961 documentum.
2955 1886 3067 1959 Sic
3142 1885 3350 1982 paulo
3431 1884 3664 1957 minus

634 2004 1037 2079 detrimenti
1106 2029 1190 2078 ex
1248 2005 1399 2077 eius
1448 2004 1755 2079 discessu
1794 2004 2235 2079 Athenaeum
2280 2004 2538 2102 capiet,
2589 2013 2798 2101 atque
2853 2004 3180 2077 evelletur
3217 2004 3332 2075 ille
3375 1996 3662 2099 scrupu-

630 2124 741 2197 lus
765 2182 784 2211 ‚
852 2124 973 2221 qui
1028 2148 1140 2197 me
1192 2148 1333 2197 non
1392 2123 1631 2198 leviter
1673 2124 1961 2223 pungit,
2014 2148 2233 2221 quum
2275 2123 2524 2195 melius
2571 2147 2684 2196 me
2731 2112 3163 2222 grammatici
3202 2145 3413 2220 quam
3455 2120 3668 2195 histo-

629 2243 753 2317 rici
818 2248 1047 2341 partes
1118 2244 1404 2341 implere
1470 2240 1673 2340 posse
1735 2243 2049 2315 sentiam.
2152 2240 2294 2313 Sed
2354 2266 2478 2315 cur
2551 2242 2752 2339 plura
2815 2242 3040 2315 dicam
3060 2298 3080 2327 ,
3148 2240 3346 2337 quasi
3388 2240 3476 2313 de
3517 2240 3667 2314 eius

632 2362 981 2435 voluntate
1051 2361 1419 2434 dubitem?
1520 2360 1732 2438 Quod
1778 2361 2081 2457 petimus
2128 2359 2368 2463 faciet,
2418 2359 2797 2433 dummodo
2846 2360 3041 2433 Deus
3092 2359 3177 2433 Ο.
3231 2360 3334 2451 M.
3383 2360 3558 2433 vires
3581 2361 3668 2443 ,ei

632 2480 981 2578 largiatur.
1086 2480 1299 2557 Quod
1336 2487 1416 2553 ut
1447 2502 1769 2577 prospere
1804 2478 2072 2553 eveniat
2108 2502 2347 2551 omnes
2389 2477 2556 2552 boni
2597 2486 2668 2552 et
2711 2480 2930 2578 ipsius
2963 2488 3036 2552 et
3069 2479 3420 2553 literarum
3455 2504 3664 2553 causa

629 2606 829 2673 orant
876 2608 947 2673 et
995 2606 1380 2696 precantur.
2404 2594 2415 2603 “

726 2718 845 2791 Ad
928 2741 1047 2790 vos
1114 2741 1270 2790 mea
1330 2724 1651 2817 properat
1716 2718 1933 2793 oratio
1954 2775 1975 2807 ,
2049 2716 2621 2817 praestantissimi
2691 2716 3193 2806 adolescentes;
3269 2718 3344 2791 in
3409 2716 3664 2815 quibus

631 2836 879 2909 nititur
949 2844 1317 2934 parentum
1386 2861 1584 2934 spes,
1666 2862 1965 2936 quorum
2034 2861 2241 2938 opera
2312 2838 2686 2935 aliquando
2771 2860 2882 2909 res
2949 2836 3229 2935 publica
3297 2835 3662 2935 indigebit.

630 2954 835 3029 Hanc
882 2980 1087 3052 spem
1140 2955 1354 3030 nolite
1405 2956 1636 3031 fallere
1656 3014 1675 3044 ,
1728 2956 1853 3031 sed
1905 2956 2217 3055 gnaviter
2264 2964 2335 3029 et
2386 2956 2664 3031 assidue
2711 2957 3034 3054 ingenuis
3078 2956 3344 3030 artibus
3398 2956 3667 3030 incum-

631 3073 776 3147 bite
794 3131 815 3160 ‚
886 3083 967 3146 ut
991 3096 1012 3178 j
1031 3083 1399 3173 parentum
1445 3074 1627 3148 curis
1674 3075 2068 3174 dignissimi
2105 3076 2367 3172 patriae
2413 3076 2706 3149 salutem
2755 3083 2978 3149 vestra
3027 3076 3284 3149 virtute
3332 3074 3668 3173 augeatis.

632 3193 745 3267 Ita
806 3192 1066 3291 optime
1124 3193 1451 3289 pietatem
1500 3200 1796 3289 vestram
1844 3194 2314 3280 declarabitis,
2362 3218 2588 3291 neque
2631 3194 3030 3291 praeteritos
3079 3217 3296 3267 annos
3337 3192 3664 3267 inanibus

630 3310 806 3385 votis
872 3335 1183 3385 revocare
1250 3311 1614 3385 debebitis.
1717 3312 1857 3385 Sed
1910 3337 2050 3387 non
2110 3322 2217 3387 est
2272 3313 2481 3387 huius
2525 3314 2657 3387 loci
2695 3320 2819 3386 aut
2877 3313 3202 3410 temporis
3247 3312 3440 3385 vobis
3486 3312 3664 3387 vitae

631 3428 809 3502 bene
863 3429 1169 3527 agendae
1242 3438 1605 3527 praecepta
1674 3454 2069 3529 proponere.
2170 3431 2413 3505 Potius
2430 3490 2449 3520 ,
2521 3432 2850 3529 quoniam
2915 3456 3101 3506 nunc
3165 3430 3470 3529 primum
3542 3456 3664 3505 vos
3809 3486 3818 3495 .

612 3548 983 3646 alloquor,
1058 3548 1265 3623 verbo
1328 3549 1689 3624 declarabo
1707 3608 1727 3637 ,
1799 3550 2075 3647 qualem
2118 3550 2169 3624 ii
2216 3560 2519 3625 vestrum
2538 3609 2557 3639 ,
2609 3553 2734 3650 qui
2777 3552 3081 3650 antiquis
3131 3552 3346 3625 literis
3385 3575 3666 3649 operam

631 3666 837 3753 dant,
906 3693 1019 3741 me
1094 3669 1202 3741 vel
1259 3668 1505 3743 ducem
1562 3670 1671 3742 vel
1713 3670 2036 3743 comitem
2084 3670 2156 3742 in
2209 3694 2290 3743 eo
2341 3670 2564 3745 stadio
2615 3672 2754 3743 sint
2803 3672 3167 3767 inventuris.
3269 3673 3356 3744 In
3415 3669 3662 3745 scholis

628 3785 923 3857 audietis
1006 3811 1119 3859 me
1202 3788 1499 3883 optimos
1578 3788 1941 3885 utriusque
2004 3789 2334 3863 sermonis
2415 3791 2776 3888 scriptores
2844 3791 2942 3863 ita
3011 3791 3506 3889 explicantem,
3580 3796 3663 3863 ut

628 3902 907 3977 discatis
972 3904 1326 3979 attendere
1400 3905 1490 3979 ad
1562 3906 1993 4005 singulorum
2053 3908 2420 3982 verborum
2480 3910 2623 3982 vim
2682 3918 2752 3982 et
2805 3934 3014 3983 usum
3062 3935 3186 4008 pro
3231 3911 3658 4008 temporibus

626 4046 829 4119 saepe
892 4022 1275 4110 diversum,
1348 4032 1419 4097 et
1481 4026 1652 4121 quid
1710 4026 2061 4123 proprium
2120 4026 2209 4099 sit
2256 4027 2404 4100 eius
2458 4027 2842 4127 scriptoris,
2891 4029 2964 4102 in
3006 4054 3145 4126 quo
3189 4029 3654 4116 versabimur,

624 4140 1066 4237 aperientem.
1124 4144 1651 4219 -Grammaticae
1692 4144 2238 4244 interpretationi
2274 4146 2552 4219 accedet
2594 4146 2860 4232 critica,
2911 4174 3088 4245 quae
3133 4148 3298 4223 vitia
3340 4148 3646 4251 librario·

624 4282 781 4335 rum
849 4259 1343 4359 editorumque.
1376 4262 1641 4341 incuria
1686 4264 1794 4338 vel
1844 4262 2084 4338 fraude
2128 4246 2437 4345 veterum
2476 4266 2746 4365 scriptis
2787 4268 2976 4342 illata
3026 4269 3343 4367 detegere
3393 4276 3464 4341 et
3508 4290 3650 4341 cer·

624 4382 769 4449 tam
822 4377 1247 4456 ‚emendandi
1283 4380 1467 4457 viam
1507 4390 1886 4461 monstrare
1934 4383 2165 4461 debet.
2261 4384 2457 4460 Haec
2501 4410 2706 4461 nemo
2754 4394 3056 4461 vestrum
3102 4394 3434 4485 tanquam
3472 4386 3646 4461 levia

625 4517 889 4591 suoque
950 4497 1181 4570 studio
1233 4498 1522 4598 indigna
1568 4502 1895 4577 fastidiat.
1993 4504 2214 4593 Nam,
2261 4505 2520 4579 credite
2569 4506 2778 4595 mihi,
2829 4507 3054 4581 omnis
3093 4531 3298 4605 opera
3342 4531 3521 4605 quae
3567 4507 3642 4583 in

622 4609 756 4685 illis
802 4614 1069 4711 scriptis
1108 4618 1483 4693 tractandis
1532 4620 1847 4719 ponitur,
1895 4646 2069 4697 vana
2111 4630 2217 4697 est
2264 4633 2335 4697 et
2373 4624 2640 4699 inutilis
2660 4683 2681 4713 ‚
2727 4624 2862 4699 nisi
2908 4633 3176 4701 constat
3217 4626 3392 4725 quid
3427 4625 3638 4725 scrip·

624 4730 873 4819 serint,
949 4760 1169 4831 quove
1246 4738 1454 4813 modo
1526 4748 1830 4818 mentem
1904 4766 2101 4821 suam
2172 4743 2678 4819 declaraverint.
2798 4746 3069 4845 Atque,
3150 4753 3231 4821 ut
3301 4746 3641 4845 praeclare

627 4859 861 4927 monet
926 4855 1403 4936 Quintilianus
1440 4862 1503 4954 ²)
1524 4918 1545 4949 ,
1610 4860 1933 4937 interiora
1998 4862 2171 4937 sacri
2230 4864 2441 4939 huius
2513 4864 2932 4941 adeuntibus
2988 4865 3348 4965 apparebit
3419 4865 3640 4941 multa
