4967 6217
1788 749 2347 819 ORATIO.
3176 746 3186 754 ’
3461 761 3590 824 117

543 951 849 1027 deretur.
968 953 1135 1028 Fuit
1209 977 1485 1030 severus
1554 963 1624 1030 et
1694 957 1869 1034 duro
1888 1016 1909 1048 ,
1981 959 2344 1036 fatendum
2419 967 2568 1049 est,
2643 969 2939 1060 pectore.
3057 962 3183 1037 Sui
3255 965 3582 1063 temporis

546 1071 869 1170 aequales
919 1097 1081 1148 eum
1142 1071 1512 1150 laudarunt
1556 1085 1836 1175 propter
1878 1077 2047 1154 iusti
2094 1103 2376 1156 sensum
2399 1136 2420 1169 ‚
2468 1077 2687 1155 animi
2727 1081 3094 1158 candorem
3139 1091 3211 1158 et
3255 1083 3580 1182 simplici·

546 1195 785 1298 tatem.
874 1193 1039 1267 Iure
1079 1192 1383 1293 quidem.
1472 1191 1821 1292 Epistulae
1838 1253 1861 1288 ,
1910 1197 2043 1274 alia
2083 1223 2323 1297 opera,
2360 1199 2740 1275 ostendunt
2777 1201 3004 1276 virum
3043 1201 3134 1278 ab
3177 1200 3369 1277 omni
3405 1203 3577 1278 falso

543 1309 845 1408 fictoque
906 1311 1425 1387 alienissimum.
1522 1313 1705 1388 Iusti
1758 1339 1919 1391 vero
1976 1316 2291 1392 studium
2338 1319 2475 1393 alte
2531 1319 2607 1393 in
2659 1319 2809 1396 eius
2855 1321 3090 1396 animo
3135 1321 3574 1409 inhaerebat;

542 1427 733 1527 quod
787 1429 935 1505 sine
985 1429 1200 1506 dubio
1254 1429 1572 1506 cohaeret
1618 1455 1785 1506 cum
1827 1439 2161 1533 perpetua
2218 1433 2337 1509 illa
2392 1433 2468 1520 in
2512 1458 2672 1512 vera
2729 1461 2774 1512 a
2827 1435 3020 1513 falsis
3081 1439 3574 1540 distinguendo

540 1549 793 1623 mentis
851 1549 1351 1626 exercitatione.
1452 1550 1601 1625 Nec
1668 1557 1901 1628 tamen
1966 1551 2377 1642 abfuerunt,
2442 1575 2624 1653 quae
2675 1553 3014 1630 voluntati
3061 1581 3272 1632 auum
3321 1559 3574 1658 cuique

535 1665 891 1743 tribuendi
953 1669 1391 1744 vehementer
1452 1669 1749 1760 obsunt,
1815 1671 2138 1772 superbia
2194 1681 2266 1747 et
2334 1672 2726 1752 aemulatio.
2845 1674 3004 1750 Hae
3073 1675 3381 1751 fecerunt
3397 1736 3417 1765 ‚
3493 1689 3574 1752 ut

534 1810 1059 1887 nonnumquam
1126 1789 1442 1865 debitum
1521 1790 1673 1866 aliis
1736 1791 2068 1867 honorem
2142 1815 2282 1868 non
2356 1791 2711 1883 redderet,
2793 1801 2874 1868 ut
2944 1795 3037 1871 ad
3099 1797 3570 1871 contentiones

532 1906 879 1982 laberetur
899 1965 920 1998 ‚
987 1909 1061 1984 in
1125 1907 1383 2008 quibus
1434 1908 1800 1986 vehemens
1859 1911 1995 1986 fuit
2058 1935 2139 1986 ac
2205 1911 2560 2010 pertinax3
2633 1911 2804 2011 quin
2865 1919 3160 2012 utraque
3205 1939 3288 1988 eo
3347 1939 3568 2015 usque

532 2049 695 2100 eum
750 2026 1037 2114 invasit,
1110 2035 1189 2103 ut
1248 2026 1357 2102 vel
1412 2029 1766 2104 caritatem
1836 2053 2000 2130 erga
2053 2030 2622 2130 consanguineos.
2661 2039 3190 2131 nonnumquam
3243 2032 3564 2108 vinceret.

533 2145 819 2245 Scriptis
860 2145 1137 2245 publice
1185 2148 1389 2222 editis
1434 2149 1791 2224 contendit
1831 2173 1991 2224 cum
2034 2149 2242 2226 fratre
2286 2151 2605 2238 ΙΛοοΒος
2653 2148 2728 2224 in
2779 2173 2921 2248 qua
2961 2152 3397 2227 contentione
3443 2178 3568 2226 nec

532 2266 757 2339 iustus
794 2264 929 2339 fuit
972 2289 1199 2365 neque
1238 2293 1281 2342 a
1318 2268 1459 2342 veri
1499 2269 1815 2367 partibus
1856 2269 2070 2348 stetit.
2140 2269 2338 2348 Quin
2378 2268 2494 2342 vix
2531 2267 2941 2368 placuerunt
2979 2270 3083 2343 illi
3127 2271 3563 2345 acutissimae

532 2384 787 2458 mentis
827 2384 1083 2460 indicia
1120 2387 1193 2460 in
1234 2387 1534 2462 filiorum
1572 2411 1715 2462 uno
1732 2444 1753 2477 ,
1790 2386 1905 2462 cui
1931 2392 2171 2486 postea
2205 2385 2315 2460 vel
2348 2383 2704 2459 invidebat
2735 2384 3050 2462 victorias
3081 2387 3156 2462 in
3189 2365 3580 2485 disciplinis¹

524 2503 1032 2580 mathematicis
1090 2514 1490 2605 reportatas.
1594 2505 1735 2582 Sed
1804 2505 2013 2580 malo‘
2054 2503 2143 2578 de
2204 2503 2313 2578 his
2384 2509 2647 2591 tacere,
2713 2525 2894 2600 quae
2954 2527 3038 2578 eo
3099 2506 3324 2605 magis
3398 2517 3562 2582 sunt

522 2624 594 2696 in
655 2621 775 2698 illo
840 2623 1403 2723 reprehendenda
1422 2682 1443 2714 ,
1510 2647 1653 2724 quo
1704 2623 1867 2724 plus
1910 2621 2065 2698 aliis
2111 2621 2514 2697 nominibus
2553 2620 2706 2696 iure
2761 2621 3378 2700 excellentissimus
3425 2625 3562 2700 dici

526 2751 856 2819 meretur.
954 2743 1245 2818 Utinam
1286 2743 1573 2819 similior
1611 2743 1859 2819 fuisset
1893 2740 2147 2818 fautori
2182 2765 2309 2818 suo
2348 2748 2421 2818 et
2450 2739 2674 2816 amico
2709 2741 3102 2816 Lamnum
3144 2742 3216 2818 in
3259 2745 3560 2818 amicitia

518 2860 839 2950 colenda,
880 2861 954 2935 in
994 2862 1373 2939 inimicitiis
1413 2862 1743 2954 vitandis,
1780 2856 2051 2962 integro
2092 2861 2252 2938 licet
2292 2861 2433 2936 veri
2472 2858 2744 2936 studio!
2845 2860 3134 2938 Utinam
3175 2867 3558 2962 perspexis-

520 2987 624 3054 set
682 2980 1047 3082 magisque
1117 2983 1569 3083 persensisset
1634 2980 1923 3059 eruditis
1983 2981 2283 3078 maxime
2352 2979 2860 3056 humanitatem
2913 2989 3316 3058 ornamento
3373 3010 3522 3061 esse
3539 3043 3558 3074 ‚

521 3123 775 3199 eosque
791 3158 812 3191 ‚
858 3102 993 3176 nisi
1032 3102 1345 3179 meliores
1382 3103 1571 3206 ipsos
1600 3101 1846 3208 reddat
1892 3100 2201 3178 doctrina
2215 3158 2245 3191 ,,
2272 3099 2425 3176 aliis
2464 3097 2750 3200 quidem
2793 3123 2934 3174 non
2967 3101 3104 3176 sibi
3139 3102 3554 3201 profuturos.

612 3215 777 3294 Alia
819 3218 1031 3294 etiam
1082 3227 1393 3320 tempora
1428 3220 1686 3322 pariter
1726 3229 1939 3320 atque
1979 3218 2152 3311 ista,
2200 3241 2502 3319 quorum
2551 3218 2974 3294 mentionem
3015 3219 3308 3302 fecimus
3325 3277 3346 3310 ,
3398 3223 3552 3298 lites

514 3337 733 3412 eheu!
812 3337 1246 3414 eruditorum
1316 3339 1757 3414 vehementes
1822 3338 2301 3439 protulerunt,
2374 3362 2464 3412 ex
2537 3335 3000 3412 aemulatione
3082 3347 3290 3416 ortas.
3411 3342 3550 3414 Sed

514 3478 905 3556 numquam
968 3456 1146 3532 illud
1200 3456 1505 3558 partium
1569 3455 1881 3531 studium
1934 3462 2291 3556 tantopere
2332 3454 2602 3530 animos
2649 3453 3080 3532 eruditorum
3126 3456 3552 3536 diversarum

514 3575 835 3674 gentium
890 3577 1265 3652 commovit
1325 3601 1539 3677 quam
1598 3576 1719 3652 illo
1778 3584 2109 3677 tempore.
2208 3575 2303 3650 Et
2366 3598 2526 3650 vero
2581 3574 3102 3654 Bnauounmus
3155 3586 3388 3653 noster
3432 3581 3548 3652 isti

514 3694 883 3795 litigationi
922 3720 1062 3770 non
1102 3697 1314 3771 semel
1352 3719 1593 3772 ansam
1629 3695 1984 3796 praebuit,
2033 3693 2203 3793 quin
2237 3717 2397 3794 eam·
2437 3693 2636 3769 valde
2677 3695 3072 3783 suscitavit,
3119 3697 3549 3773 continenter

508 3814 1003 3892 certaminibus
1045 3815 1323 3891 indictis
1365 3814 1458 3891 ad
1490 3815 1902 3892 solutionem
1943 3811 2453 3914 problematum
2491 3811 2980 3904 difficiliorum,
3031 3839 3209 3914 quae
3247 3817 3544 3892 obtineri

508 3959 647 4010 non
688 3933 921 4035 potuit
939 3993 960 4023 ‚
1010 3935 1145 4010 nisi
1190 3935 1349 4034 quis
1392 3935 1589 4013 novis
1636 3932 1981 4011 methodis
2016 3932 2319 4008 inventis
2370 3932 2553 4008 viam
2595 3932 2728 4006 sibi
2771 3933 2862 4008 ad
2915 3933 3322 4011 solvendum
3367 3946 3538 4012 stra-

506 4053 755 4141 visset3
820 4077 1000 4152 quae
1071 4079 1181 4129 res
1241 4065 1475 4130 tamen
1538 4077 1793 4154 magno
1850 4051 1989 4128 fuit
2028 4042 2475 4127 incitamento
2524 4051 2616 4126 ad
2661 4051 3003 4128 mathesin
3046 4054 3291 4130 acriter
3334 4081 3532 4130 exco-

504 4171 804 4246 lendam.
903 4173 1097 4246 Inter
1142 4173 1663 4249 mathematicos
1694 4171 1963 4272 Anglos
2004 4195 2187 4248 unus
2230 4177 2508 4246 tantum
2550 4170 2718 4276 tuit,
2766 4171 2892 4271 qui
2934 4197 3060 4272 par
3105 4182 3252 4248 erat
3290 4175 3528 4273 paucis

500 4289 637 4366 illis
692 4289 765 4366 in
828 4291 1093 4391 reliqua
1146 4291 1459 4394 Europa,
1528 4292 1651 4393 qui
1694 4291 2037 4368 callebant
2084 4290 2427 4368 calculum
2478 4288 3001 4368 differentialem
3021 4349 3042 4379 ,
3089 4292 3522 4369 an‘ronus.

502 4408 855 4486 Taedebat
912 4418 1080 4487 tunc
1126 4412 1404 4511 -Anglos
1464 4411 1887 4488 difficultatis
1948 4419 2021 4486 et
2082 4410 2520 4486 victoriarum
2569 4435 2722 4485 raro
2768 4417 3312 4509 reportaturum3
3361 4410 3520 4486 hinc

498 4529 815 4617 fuerunt,
880 4528 1005 4627 qui
1066 4542 1442 4629 coeperunt
1508 4530 1903 4608 abiudicare
1946 4531 2337 4606 Lnrnm‘mo
2385 4529 2716 4604 honorem
2765 4529 3180 4604 inventionis
3232 4530 3516 4619 calculi,

497 4673 639 4746 quo
680 4671 841 4724 cum
884 4647 1085 4723 sociis
1126 4649 1269 4722 suis
1314 4659 1460 4726 tam
1494 4649 1781 4727 feliciter
1814 4649 2139 4726 utebatur
2150 4691 2179 4738 ·,
2228 4674 2449 4748 quum
2482 4648 2980 4726 contenderent
3017 4649 3167 4724 fieri
3208 4650 3514 4751 potuisse

498 4783 577 4841 ut
626 4767 1032 4843 methodum
1090 4793 1291 4844 suam
1348 4769 1689 4846 hausisset
1738 4795 1823 4846 ex
1867 4769 2151 4846 invento
2196 4769 2431 4870 aliquo
2475 4767 2812 4845 anteriore
2853 4770 3249 4859 anron13
3301 4773 3507 4844 exsti·

470 4893 729 4961 ‚terunt
770 4887 980 4974 adeo,
1027 4889 1147 4986 qui
1186 4889 1595 4989 plagiarium
1646 4889 1978 4968 eximium
2027 4890 2246 4966 virum
2302 4889 2526 4965 dicere
2568 4903 2708 4966 non
2749 4903 3164 4964 vererentur.
3263 4891 3328 4964 A
3374 4913 3511 4986 quo
