<?xml version="1.0" encoding="UTF-8"?>
<!DOCTYPE html PUBLIC "-//W3C//DTD XHTML 1.0 Transitional//EN"
    "http://www.w3.org/TR/xhtml1/DTD/xhtml1-transitional.dtd">
<html xmlns="http://www.w3.org/1999/xhtml" xml:lang="en" lang="en">
 <head>
  <title>
</title>
<meta http-equiv="Content-Type" content="text/html;charset=utf-8" />
  <meta name='ocr-system' content='tesseract 3.04.00' />
  <meta name='ocr-capabilities' content='ocr_page ocr_carea ocr_par ocr_line ocrx_word'/>
</head>
<body>
  <div class='ocr_page' id='page_1' title='image "annalesacademic24unkngoog_0055.png"; bbox 0 0 4967 6217; ppageno 0'>
   <div class='ocr_carea' id='block_1_1' title="bbox 1480 716 3556 788">
    <p class='ocr_par' dir='ltr' id='par_1_1' title="bbox 1480 716 3556 788">
     <span class='ocr_line' id='line_1_1' title="bbox 1480 716 3556 788; baseline 0 -4"><span class='ocrx_word' id='word_1_1' title='bbox 1480 717 1863 787; x_wconf 83' lang='lat' dir='ltr'>SERIES</span> <span class='ocrx_word' id='word_1_2' title='bbox 1954 716 2609 788; x_wconf 76' lang='lat' dir='ltr'><strong>LECTIONUM.</strong></span> <span class='ocrx_word' id='word_1_3' title='bbox 3472 720 3556 785; x_wconf 83' lang='lat'>45</span> 
     </span>
    </p>
   </div>
   <div class='ocr_carea' id='block_1_2' title="bbox 533 922 3551 1739">
    <p class='ocr_par' dir='ltr' id='par_1_2' title="bbox 535 922 3550 1133">
     <span class='ocr_line' id='line_1_2' title="bbox 535 922 3113 1015; baseline 0.002 -19"><span class='ocrx_word' id='word_1_4' title='bbox 535 922 632 997; x_wconf 93' lang='lat' dir='ltr'>H.</span> <span class='ocrx_word' id='word_1_5' title='bbox 678 922 1184 999; x_wconf 61' lang='lat' dir='ltr'>Husnnrsua</span> <span class='ocrx_word' id='word_1_6' title='bbox 1206 981 1227 1012; x_wconf 92' lang='lat'>,</span> <span class='ocrx_word' id='word_1_7' title='bbox 1274 923 1321 996; x_wconf 87' lang='lat' dir='ltr'><strong>J</strong></span> <span class='ocrx_word' id='word_1_8' title='bbox 1327 947 1478 999; x_wconf 78' lang='lat' dir='ltr'>us&#39;r.</span> <span class='ocrx_word' id='word_1_9' title='bbox 1532 926 1690 1001; x_wconf 79' lang='lat' dir='ltr'><strong>Fu..</strong></span> <span class='ocrx_word' id='word_1_10' title='bbox 1719 982 1742 1013; x_wconf 92' lang='lat'>,</span> <span class='ocrx_word' id='word_1_11' title='bbox 1803 924 1987 1001; x_wconf 90' lang='lat' dir='ltr'>Prof.</span> <span class='ocrx_word' id='word_1_12' title='bbox 2043 926 2403 1002; x_wconf 87' lang='lat' dir='ltr'>Extraord.</span> <span class='ocrx_word' id='word_1_13' title='bbox 2422 984 2443 1015; x_wconf 94' lang='lat'>,</span> <span class='ocrx_word' id='word_1_14' title='bbox 2508 924 2954 1001; x_wconf 88' lang='lat' dir='ltr'>Anatomiam</span> <span class='ocrx_word' id='word_1_15' title='bbox 2994 927 3113 1001; x_wconf 92' lang='lat' dir='ltr'>do·</span> 
     </span>
     <span class='ocr_line' id='line_1_3' title="bbox 633 1042 3550 1133; baseline 0.001 -17"><span class='ocrx_word' id='word_1_16' title='bbox 633 1042 817 1117; x_wconf 89' lang='lat' dir='ltr'>cebit</span> <span class='ocrx_word' id='word_1_17' title='bbox 833 1102 854 1133; x_wconf 93' lang='lat'>,</span> <span class='ocrx_word' id='word_1_18' title='bbox 905 1043 1152 1118; x_wconf 84' lang='lat' dir='ltr'>diebus</span> <span class='ocrx_word' id='word_1_19' title='bbox 1200 1043 1440 1119; x_wconf 90' lang='lat' dir='ltr'>Lunae</span> <span class='ocrx_word' id='word_1_20' title='bbox 1462 1102 1483 1132; x_wconf 95' lang='lat'>,</span> <span class='ocrx_word' id='word_1_21' title='bbox 1531 1044 1782 1119; x_wconf 88' lang='lat' dir='ltr'>Martis</span> <span class='ocrx_word' id='word_1_22' title='bbox 1799 1103 1821 1133; x_wconf 95' lang='lat'>,</span> <span class='ocrx_word' id='word_1_23' title='bbox 1870 1045 2199 1119; x_wconf 83' lang='lat' dir='ltr'>Mercurii</span> <span class='ocrx_word' id='word_1_24' title='bbox 2220 1104 2240 1133; x_wconf 98' lang='lat'>,</span> <span class='ocrx_word' id='word_1_25' title='bbox 2288 1046 2334 1117; x_wconf 85' lang='lat' dir='ltr'><strong>J</strong></span> <span class='ocrx_word' id='word_1_26' title='bbox 2337 1044 2482 1119; x_wconf 90' lang='lat' dir='ltr'>ovis</span> <span class='ocrx_word' id='word_1_27' title='bbox 2532 1051 2603 1118; x_wconf 91' lang='lat' dir='ltr'>et</span> <span class='ocrx_word' id='word_1_28' title='bbox 2650 1044 2941 1121; x_wconf 88' lang='lat' dir='ltr'>Veneris</span> <span class='ocrx_word' id='word_1_29' title='bbox 3019 1104 3036 1122; x_wconf 96' lang='lat'><strong>.</strong></span> <span class='ocrx_word' id='word_1_30' title='bbox 3089 1105 3106 1121; x_wconf 91' lang='lat'><strong>.</strong></span> <span class='ocrx_word' id='word_1_31' title='bbox 3207 1046 3373 1121; x_wconf 68' lang='lat' dir='ltr'>hora</span> <span class='ocrx_word' id='word_1_32' title='bbox 3455 1045 3550 1119; x_wconf 91' lang='lat' dir='ltr'>X.</span> 
     </span>
    </p>

    <p class='ocr_par' dir='ltr' id='par_1_3' title="bbox 649 1162 3533 1500">
     <span class='ocr_line' id='line_1_4' title="bbox 665 1162 3122 1272; baseline 0.002 -36"><span class='ocrx_word' id='word_1_33' title='bbox 665 1258 679 1272; x_wconf 47' lang='lat'><strong>·</strong></span> <span class='ocrx_word' id='word_1_34' title='bbox 730 1163 1242 1264; x_wconf 87' lang='lat' dir='ltr'>Physiologiam</span> <span class='ocrx_word' id='word_1_35' title='bbox 1265 1162 1854 1239; x_wconf 84' lang='lat' dir='ltr'>observationibus</span> <span class='ocrx_word' id='word_1_36' title='bbox 1876 1164 2376 1261; x_wconf 85' lang='lat' dir='ltr'>microscopicis</span> <span class='ocrx_word' id='word_1_37' title='bbox 2401 1164 2848 1255; x_wconf 74' lang='lat' dir='ltr'><strong>illustratam,</strong></span> <span class='ocrx_word' id='word_1_38' title='bbox 2874 1166 3122 1242; x_wconf 91' lang='lat' dir='ltr'>iisdem</span> 
     </span>
     <span class='ocr_line' id='line_1_5' title="bbox 827 1283 3551 1363; baseline 0.001 -7"><span class='ocrx_word' id='word_1_39' title='bbox 827 1283 1076 1357; x_wconf 85' lang='lat' dir='ltr'>diebus</span> <span class='ocrx_word' id='word_1_40' title='bbox 1151 1336 3119 1363; x_wconf 76' lang='grc'><strong>............................</strong></span> <span class='ocrx_word' id='word_1_41' title='bbox 3420 1284 3551 1359; x_wconf 91' lang='grc' dir='ltr'>ΙΧ.</span> 
     </span>
     <span class='ocr_line' id='line_1_6' title="bbox 649 1399 3551 1500; baseline 0 -24"><span class='ocrx_word' id='word_1_42' title='bbox 649 1444 654 1447; x_wconf 96' lang='grc'>-</span> <span class='ocrx_word' id='word_1_43' title='bbox 727 1401 1145 1478; x_wconf 89' lang='lat' dir='ltr'>Methodum</span> <span class='ocrx_word' id='word_1_44' title='bbox 1191 1400 1468 1474; x_wconf 86' lang='lat' dir='ltr'>secandi</span> <span class='ocrx_word' id='word_1_45' title='bbox 1511 1401 1840 1475; x_wconf 85' lang='lat' dir='ltr'>cadavera</span> <span class='ocrx_word' id='word_1_46' title='bbox 1857 1458 1878 1488; x_wconf 95' lang='lat'>,</span> <span class='ocrx_word' id='word_1_47' title='bbox 1928 1400 2236 1500; x_wconf 88' lang='lat' dir='ltr'>quotidie</span> <span class='ocrx_word' id='word_1_48' title='bbox 2256 1456 2276 1485; x_wconf 93' lang='lat'>‚</span> <span class='ocrx_word' id='word_1_49' title='bbox 2327 1399 2616 1473; x_wconf 90' lang='lat' dir='ltr'>hiberno</span> <span class='ocrx_word' id='word_1_50' title='bbox 2662 1407 2972 1500; x_wconf 89' lang='lat' dir='ltr'>tempore</span> <span class='ocrx_word' id='word_1_51' title='bbox 3024 1462 3041 1477; x_wconf 93' lang='lat'><strong>.</strong></span> <span class='ocrx_word' id='word_1_52' title='bbox 3097 1465 3111 1479; x_wconf 94' lang='lat'><strong>.</strong></span> <span class='ocrx_word' id='word_1_53' title='bbox 3204 1404 3551 1479; x_wconf 87' lang='lat' dir='ltr'><strong>XI—III.</strong></span> 
     </span>
    </p>

    <p class='ocr_par' dir='ltr' id='par_1_4' title="bbox 533 1518 3547 1739">
     <span class='ocr_line' id='line_1_7' title="bbox 533 1518 3115 1623; baseline 0.002 -32"><span class='ocrx_word' id='word_1_54' title='bbox 533 1522 612 1593; x_wconf 86' lang='lat' dir='ltr'><strong>F.</strong></span> <span class='ocrx_word' id='word_1_55' title='bbox 657 1521 771 1596; x_wconf 88' lang='lat' dir='ltr'>W.</span> <span class='ocrx_word' id='word_1_56' title='bbox 811 1522 1158 1595; x_wconf 76' lang='lat' dir='ltr'>Knrnonn</span> <span class='ocrx_word' id='word_1_57' title='bbox 1197 1526 1267 1623; x_wconf 77' lang='lat' dir='ltr'>et</span> <span class='ocrx_word' id='word_1_58' title='bbox 1310 1518 1405 1593; x_wconf 91' lang='lat' dir='ltr'>H.</span> <span class='ocrx_word' id='word_1_59' title='bbox 1447 1518 1960 1595; x_wconf 72' lang='lat' dir='ltr'>HALnnn&#39;rSMA</span> <span class='ocrx_word' id='word_1_60' title='bbox 1994 1519 2395 1618; x_wconf 88' lang='lat' dir='ltr'>disputandi</span> <span class='ocrx_word' id='word_1_61' title='bbox 2438 1519 2779 1595; x_wconf 87' lang='lat' dir='ltr'>exercitiis</span> <span class='ocrx_word' id='word_1_62' title='bbox 2819 1522 3115 1620; x_wconf 87' lang='lat' dir='ltr'>publicis</span> 
     </span>
     <span class='ocr_line' id='line_1_8' title="bbox 631 1636 3547 1739; baseline 0 -25"><span class='ocrx_word' id='word_1_63' title='bbox 631 1645 997 1739; x_wconf 67' lang='lat' dir='ltr'>praeerunt</span> <span class='ocrx_word' id='word_1_64' title='bbox 1045 1636 1157 1711; x_wconf 90' lang='lat' dir='ltr'>die</span> <span class='ocrx_word' id='word_1_65' title='bbox 1203 1637 1493 1712; x_wconf 85' lang='lat' dir='ltr'>Veneris</span> <span class='ocrx_word' id='word_1_66' title='bbox 1571 1694 3031 1717; x_wconf 91' lang='grc'><strong>.....................</strong></span> <span class='ocrx_word' id='word_1_67' title='bbox 3100 1700 3115 1715; x_wconf 97' lang='grc'><strong>.</strong></span> <span class='ocrx_word' id='word_1_68' title='bbox 3407 1642 3547 1715; x_wconf 93' lang='lat' dir='ltr'><strong>III.</strong></span> 
     </span>
    </p>
   </div>
   <div class='ocr_carea' id='block_1_3' title="bbox 1528 1949 2563 2027">
    <p class='ocr_par' dir='ltr' id='par_1_5' title="bbox 1528 1949 2563 2027">
     <span class='ocr_line' id='line_1_9' title="bbox 1528 1949 2563 2027; baseline 0.003 -3"><span class='ocrx_word' id='word_1_69' title='bbox 1528 1949 2024 2025; x_wconf 81' lang='lat' dir='ltr'>FACUL&#39;PAS</span> <span class='ocrx_word' id='word_1_70' title='bbox 2071 1951 2118 2026; x_wconf 86' lang='lat' dir='ltr'><strong>J</strong></span> <span class='ocrx_word' id='word_1_71' title='bbox 2121 1951 2563 2027; x_wconf 80' lang='lat' dir='ltr'><strong>URIDIGA.</strong></span> 
     </span>
    </p>
   </div>
   <div class='ocr_carea' id='block_1_4' title="bbox 533 2234 3113 2333">
    <p class='ocr_par' dir='ltr' id='par_1_6' title="bbox 533 2234 3113 2333">
     <span class='ocr_line' id='line_1_10' title="bbox 533 2234 3113 2333; baseline 0 -24"><span class='ocrx_word' id='word_1_72' title='bbox 533 2237 630 2310; x_wconf 91' lang='lat' dir='ltr'>H</span> <span class='ocrx_word' id='word_1_73' title='bbox 676 2239 761 2310; x_wconf 91' lang='lat' dir='ltr'>G.</span> <span class='ocrx_word' id='word_1_74' title='bbox 807 2237 1164 2309; x_wconf 70' lang='grc' dir='ltr'>ΤῩΒΕΜΑΝ</span> <span class='ocrx_word' id='word_1_75' title='bbox 1208 2235 1667 2310; x_wconf 85' lang='lat' dir='ltr'>Emeritatum</span> <span class='ocrx_word' id='word_1_76' title='bbox 1703 2240 1950 2309; x_wconf 90' lang='lat' dir='ltr'>nactus</span> <span class='ocrx_word' id='word_1_77' title='bbox 1994 2242 2065 2309; x_wconf 92' lang='lat' dir='ltr'>et</span> <span class='ocrx_word' id='word_1_78' title='bbox 2106 2258 2382 2310; x_wconf 84' lang='lat' dir='ltr'>cessans</span> <span class='ocrx_word' id='word_1_79' title='bbox 2423 2260 2466 2309; x_wconf 93' lang='lat' dir='ltr'>a</span> <span class='ocrx_word' id='word_1_80' title='bbox 2502 2234 3113 2333; x_wconf 81' lang='lat' dir='ltr'>praelectionibus,</span> 
     </span>
    </p>
   </div>
   <div class='ocr_carea' id='block_1_5' title="bbox 625 2353 3115 2548">
    <p class='ocr_par' dir='ltr' id='par_1_7' title="bbox 625 2353 3115 2547">
     <span class='ocr_line' id='line_1_11' title="bbox 625 2353 3115 2481; baseline 0.001 -54"><span class='ocrx_word' id='word_1_81' title='bbox 625 2379 766 2427; x_wconf 91' lang='lat' dir='ltr'>non</span> <span class='ocrx_word' id='word_1_82' title='bbox 807 2360 1040 2429; x_wconf 91' lang='lat' dir='ltr'>tamen</span> <span class='ocrx_word' id='word_1_83' title='bbox 1085 2354 1446 2429; x_wconf 79' lang='lat' dir='ltr'><strong>cessabit</strong></span> <span class='ocrx_word' id='word_1_84' title='bbox 1425 2380 1500 2429; x_wconf 88' lang='lat' dir='ltr'>m</span> <span class='ocrx_word' id='word_1_85' title='bbox 1547 2353 1934 2430; x_wconf 88' lang='lat' dir='ltr'>studiorum</span> <span class='ocrx_word' id='word_1_86' title='bbox 1975 2380 2258 2430; x_wconf 88' lang='lat' dir='ltr'>suorum</span> <span class='ocrx_word' id='word_1_87' title='bbox 2301 2354 2536 2429; x_wconf 74' lang='lat' dir='ltr'>fructu</span> <span class='ocrx_word' id='word_1_88' title='bbox 2573 2354 2892 2428; x_wconf 78' lang='lat' dir='ltr'>lubenter</span> <span class='ocrx_word' id='word_1_89' title='bbox 2930 2380 3115 2481; x_wconf 90' lang='lat' dir='ltr'>com-</span> 
     </span>
     <span class='ocr_line' id='line_1_12' title="bbox 625 2474 1061 2548; baseline 0 -1"><span class='ocrx_word' id='word_1_90' title='bbox 625 2474 1061 2548; x_wconf 83' lang='lat' dir='ltr'>municandO.</span> 
     </span>
    </p>
   </div>
   <div class='ocr_carea' id='block_1_6' title="bbox 529 2591 3111 2692">
    <p class='ocr_par' dir='ltr' id='par_1_8' title="bbox 529 2591 3111 2692">
     <span class='ocr_line' id='line_1_13' title="bbox 529 2591 3111 2692; baseline -0 -26"><span class='ocrx_word' id='word_1_91' title='bbox 529 2596 609 2667; x_wconf 87' lang='lat' dir='ltr'><strong>C.</strong></span> <span class='ocrx_word' id='word_1_92' title='bbox 646 2595 716 2669; x_wconf 85' lang='lat' dir='ltr'><strong>J.</strong></span> <span class='ocrx_word' id='word_1_93' title='bbox 751 2617 902 2668; x_wconf 66' lang='lat' dir='ltr'>vm</span> <span class='ocrx_word' id='word_1_94' title='bbox 941 2596 1183 2668; x_wconf 72' lang='lat' dir='ltr'>Assnn</span> <span class='ocrx_word' id='word_1_95' title='bbox 1220 2592 1786 2691; x_wconf 79' lang='lat' dir='ltr'>interpretabitur</span> <span class='ocrx_word' id='word_1_96' title='bbox 1812 2593 2022 2667; x_wconf 90' lang='lat' dir='ltr'>libros</span> <span class='ocrx_word' id='word_1_97' title='bbox 2059 2593 2509 2692; x_wconf 86' lang='lat' dir='ltr'>Digestorum</span> <span class='ocrx_word' id='word_1_98' title='bbox 2549 2591 2795 2666; x_wconf 84' lang='lat' dir='ltr'>diebus</span> <span class='ocrx_word' id='word_1_99' title='bbox 2832 2591 3076 2667; x_wconf 86' lang='lat' dir='ltr'>Lunae</span> <span class='ocrx_word' id='word_1_100' title='bbox 3092 2649 3111 2679; x_wconf 91' lang='lat'>,</span> 
     </span>
    </p>
   </div>
   <div class='ocr_carea' id='block_1_7' title="bbox 525 2712 3553 4329">
    <p class='ocr_par' dir='ltr' id='par_1_9' title="bbox 525 2712 3553 4329">
     <span class='ocr_line' id='line_1_14' title="bbox 625 2712 3553 2789; baseline 0 -3"><span class='ocrx_word' id='word_1_101' title='bbox 625 2713 876 2787; x_wconf 86' lang='lat' dir='ltr'>Martis</span> <span class='ocrx_word' id='word_1_102' title='bbox 925 2720 996 2786; x_wconf 89' lang='lat' dir='ltr'>et</span> <span class='ocrx_word' id='word_1_103' title='bbox 1043 2713 1404 2787; x_wconf 87' lang='lat' dir='ltr'>Mercurii·</span> <span class='ocrx_word' id='word_1_104' title='bbox 1433 2766 3111 2789; x_wconf 90' lang='grc'><strong>........................</strong></span> <span class='ocrx_word' id='word_1_105' title='bbox 3421 2712 3553 2786; x_wconf 91' lang='grc' dir='ltr'>ΙΧ.</span> 
     </span>
     <span class='ocr_line' id='line_1_15' title="bbox 720 2827 3109 2928; baseline 0 -25"><span class='ocrx_word' id='word_1_106' title='bbox 720 2832 766 2903; x_wconf 89' lang='lat' dir='ltr'><strong>J</strong></span> <span class='ocrx_word' id='word_1_107' title='bbox 769 2831 1099 2905; x_wconf 87' lang='lat' dir='ltr'>ustiniani</span> <span class='ocrx_word' id='word_1_108' title='bbox 1132 2830 1661 2905; x_wconf 86' lang='lat' dir='ltr'>Institutionum</span> <span class='ocrx_word' id='word_1_109' title='bbox 1694 2830 1943 2905; x_wconf 90' lang='lat' dir='ltr'>Libros</span> <span class='ocrx_word' id='word_1_110' title='bbox 1961 2830 2068 2903; x_wconf 92' lang='lat' dir='ltr'>IV</span> <span class='ocrx_word' id='word_1_111' title='bbox 2097 2854 2259 2911; x_wconf 87' lang='lat' dir='ltr'>cum</span> <span class='ocrx_word' id='word_1_112' title='bbox 2293 2827 2657 2927; x_wconf 83' lang='lat' dir='ltr'>Theophili</span> <span class='ocrx_word' id='word_1_113' title='bbox 2680 2828 3109 2928; x_wconf 81' lang='lat' dir='ltr'>paraphrasi,</span> 
     </span>
     <span class='ocr_line' id='line_1_16' title="bbox 819 2942 3553 3036; baseline 0.001 -13"><span class='ocrx_word' id='word_1_114' title='bbox 819 2949 1066 3024; x_wconf 86' lang='lat' dir='ltr'>diebus</span> <span class='ocrx_word' id='word_1_115' title='bbox 1113 2950 1354 3024; x_wconf 90' lang='lat' dir='ltr'>Lunae</span> <span class='ocrx_word' id='word_1_116' title='bbox 1378 3005 1398 3036; x_wconf 91' lang='lat'>‚</span> <span class='ocrx_word' id='word_1_117' title='bbox 1439 2949 1698 3029; x_wconf 85' lang='lat' dir='ltr'>Martis</span> <span class='ocrx_word' id='word_1_118' title='bbox 1746 2956 1816 3023; x_wconf 90' lang='lat' dir='ltr'>et</span> <span class='ocrx_word' id='word_1_119' title='bbox 1863 2949 2196 3023; x_wconf 87' lang='lat' dir='ltr'>Mercurii</span> <span class='ocrx_word' id='word_1_120' title='bbox 2295 3004 3105 3024; x_wconf 90' lang='grc'><strong>............</strong></span> <span class='ocrx_word' id='word_1_121' title='bbox 3461 2942 3553 3026; x_wconf 88' lang='grc' dir='ltr'>Χ.</span> 
     </span>
     <span class='ocr_line' id='line_1_17' title="bbox 722 3066 3117 3168; baseline -0 -26"><span class='ocrx_word' id='word_1_122' title='bbox 722 3073 767 3142; x_wconf 88' lang='lat' dir='ltr'><strong>J</strong></span> <span class='ocrx_word' id='word_1_123' title='bbox 772 3094 852 3143; x_wconf 86' lang='lat' dir='ltr'>us</span> <span class='ocrx_word' id='word_1_124' title='bbox 894 3069 1110 3142; x_wconf 87' lang='lat' dir='ltr'>Civile</span> <span class='ocrx_word' id='word_1_125' title='bbox 1147 3068 1587 3142; x_wconf 90' lang='lat' dir='ltr'>Hodiernum</span> <span class='ocrx_word' id='word_1_126' title='bbox 1605 3126 1626 3157; x_wconf 94' lang='lat'>,</span> <span class='ocrx_word' id='word_1_127' title='bbox 1678 3069 2062 3144; x_wconf 87' lang='lat' dir='ltr'>secundum</span> <span class='ocrx_word' id='word_1_128' title='bbox 2097 3067 2585 3168; x_wconf 86' lang='lat' dir='ltr'>compendium</span> <span class='ocrx_word' id='word_1_129' title='bbox 2620 3090 2663 3140; x_wconf 87' lang='lat' dir='ltr'>a</span> <span class='ocrx_word' id='word_1_130' title='bbox 2700 3092 2773 3141; x_wconf 87' lang='lat' dir='ltr'>se</span> <span class='ocrx_word' id='word_1_131' title='bbox 2810 3066 3079 3141; x_wconf 86' lang='lat' dir='ltr'>editum</span> <span class='ocrx_word' id='word_1_132' title='bbox 3097 3127 3117 3157; x_wconf 97' lang='lat'>,</span> 
     </span>
     <span class='ocr_line' id='line_1_18' title="bbox 815 3186 3551 3274; baseline 0 -13"><span class='ocrx_word' id='word_1_133' title='bbox 815 3187 1063 3262; x_wconf 87' lang='lat' dir='ltr'>diebus</span> <span class='ocrx_word' id='word_1_134' title='bbox 1110 3186 1352 3262; x_wconf 91' lang='lat' dir='ltr'>Lunae</span> <span class='ocrx_word' id='word_1_135' title='bbox 1368 3245 1389 3274; x_wconf 92' lang='lat'>,</span> <span class='ocrx_word' id='word_1_136' title='bbox 1437 3186 1688 3261; x_wconf 88' lang='lat' dir='ltr'>Martis</span> <span class='ocrx_word' id='word_1_137' title='bbox 1736 3193 1808 3260; x_wconf 91' lang='lat' dir='ltr'>et</span> <span class='ocrx_word' id='word_1_138' title='bbox 1853 3186 2185 3261; x_wconf 87' lang='lat' dir='ltr'>Mercurii</span> <span class='ocrx_word' id='word_1_139' title='bbox 2227 3240 3109 3263; x_wconf 91' lang='grc'><strong>.............</strong></span> <span class='ocrx_word' id='word_1_140' title='bbox 3418 3188 3551 3262; x_wconf 91' lang='grc' dir='ltr'>ΧΙ.</span> 
     </span>
     <span class='ocr_line' id='line_1_19' title="bbox 721 3302 3549 3405; baseline -0.001 -24"><span class='ocrx_word' id='word_1_141' title='bbox 721 3307 1057 3381; x_wconf 90' lang='lat' dir='ltr'>Ordinem</span> <span class='ocrx_word' id='word_1_142' title='bbox 1094 3306 1514 3405; x_wconf 85' lang='lat' dir='ltr'>judiciorum</span> <span class='ocrx_word' id='word_1_143' title='bbox 1561 3313 1633 3379; x_wconf 92' lang='lat' dir='ltr'>et</span> <span class='ocrx_word' id='word_1_144' title='bbox 1678 3329 1826 3379; x_wconf 90' lang='lat' dir='ltr'>rem</span> <span class='ocrx_word' id='word_1_145' title='bbox 1861 3306 2294 3404; x_wconf 86' lang='lat' dir='ltr'>judiciariam</span> <span class='ocrx_word' id='word_1_146' title='bbox 2330 3303 2669 3403; x_wconf 88' lang='lat' dir='ltr'>privatam</span> <span class='ocrx_word' id='word_1_147' title='bbox 2686 3360 2705 3389; x_wconf 94' lang='lat'>,</span> <span class='ocrx_word' id='word_1_148' title='bbox 2763 3302 2876 3375; x_wconf 91' lang='lat' dir='ltr'>die</span> <span class='ocrx_word' id='word_1_149' title='bbox 2921 3303 2970 3376; x_wconf 89' lang='lat' dir='ltr'><strong>J</strong></span> <span class='ocrx_word' id='word_1_150' title='bbox 2971 3304 3115 3379; x_wconf 89' lang='lat' dir='ltr'>ovis</span> <span class='ocrx_word' id='word_1_151' title='bbox 3206 3306 3549 3381; x_wconf 89' lang='lat' dir='ltr'><strong>IX—XI.</strong></span> 
     </span>
     <span class='ocr_line' id='line_1_20' title="bbox 917 3419 3552 3499; baseline -0 0"><span class='ocrx_word' id='word_1_152' title='bbox 917 3433 986 3499; x_wconf 91' lang='lat' dir='ltr'>et</span> <span class='ocrx_word' id='word_1_153' title='bbox 1035 3426 1146 3499; x_wconf 90' lang='lat' dir='ltr'>die</span> <span class='ocrx_word' id='word_1_154' title='bbox 1193 3424 1484 3497; x_wconf 90' lang='lat' dir='ltr'>Veneris</span> <span class='ocrx_word' id='word_1_155' title='bbox 1530 3448 1692 3497; x_wconf 91' lang='lat' dir='ltr'>cum</span> <span class='ocrx_word' id='word_1_156' title='bbox 1739 3422 2340 3497; x_wconf 85' lang='lat' dir='ltr'>exercitationibus</span> <span class='ocrx_word' id='word_1_157' title='bbox 2385 3419 2776 3494; x_wconf 80' lang='lat' dir='ltr'>forensibus</span> <span class='ocrx_word' id='word_1_158' title='bbox 2874 3480 2889 3495; x_wconf 92' lang='lat'><strong>.</strong></span> <span class='ocrx_word' id='word_1_159' title='bbox 2947 3481 2962 3496; x_wconf 92' lang='lat'><strong>.</strong></span> <span class='ocrx_word' id='word_1_160' title='bbox 3021 3482 3035 3497; x_wconf 98' lang='lat'><strong>.</strong></span> <span class='ocrx_word' id='word_1_161' title='bbox 3096 3482 3110 3497; x_wconf 92' lang='lat'><strong>.</strong></span> <span class='ocrx_word' id='word_1_162' title='bbox 3456 3424 3552 3499; x_wconf 90' lang='lat' dir='ltr'>X.</span> 
     </span>
     <span class='ocr_line' id='line_1_21' title="bbox 525 3538 3110 3629; baseline -0 -12"><span class='ocrx_word' id='word_1_163' title='bbox 525 3544 623 3619; x_wconf 92' lang='lat' dir='ltr'>H.</span> <span class='ocrx_word' id='word_1_164' title='bbox 701 3545 901 3618; x_wconf 83' lang='lat' dir='ltr'>Coox</span> <span class='ocrx_word' id='word_1_165' title='bbox 983 3544 1210 3617; x_wconf 88' lang='lat' dir='ltr'>tradet</span> <span class='ocrx_word' id='word_1_166' title='bbox 1277 3542 1326 3615; x_wconf 89' lang='lat' dir='ltr'><strong>J</strong></span> <span class='ocrx_word' id='word_1_167' title='bbox 1331 3567 1413 3617; x_wconf 92' lang='lat' dir='ltr'>us</span> <span class='ocrx_word' id='word_1_168' title='bbox 1476 3541 1847 3617; x_wconf 90' lang='lat' dir='ltr'>Publicum</span> <span class='ocrx_word' id='word_1_169' title='bbox 1917 3548 1989 3616; x_wconf 90' lang='lat' dir='ltr'>et</span> <span class='ocrx_word' id='word_1_170' title='bbox 2057 3541 2431 3628; x_wconf 88' lang='lat' dir='ltr'>Gentium,</span> <span class='ocrx_word' id='word_1_171' title='bbox 2509 3538 2756 3613; x_wconf 88' lang='lat' dir='ltr'>diebus</span> <span class='ocrx_word' id='word_1_172' title='bbox 2831 3539 3072 3616; x_wconf 89' lang='lat' dir='ltr'>Lunae</span> <span class='ocrx_word' id='word_1_173' title='bbox 3092 3602 3110 3629; x_wconf 92' lang='lat'>,</span> 
     </span>
     <span class='ocr_line' id='line_1_22' title="bbox 623 3662 3548 3738; baseline -0.001 0"><span class='ocrx_word' id='word_1_174' title='bbox 623 3664 875 3738; x_wconf 89' lang='lat' dir='ltr'>Martis</span> <span class='ocrx_word' id='word_1_175' title='bbox 922 3670 994 3737; x_wconf 91' lang='lat' dir='ltr'>et</span> <span class='ocrx_word' id='word_1_176' title='bbox 1041 3662 1373 3735; x_wconf 88' lang='lat' dir='ltr'>Mercurii</span> <span class='ocrx_word' id='word_1_177' title='bbox 1433 3713 3111 3736; x_wconf 91' lang='grc'><strong>........................</strong></span> <span class='ocrx_word' id='word_1_178' title='bbox 3418 3662 3548 3735; x_wconf 90' lang='grc' dir='ltr'>ΙΧ.</span> 
     </span>
     <span class='ocr_line' id='line_1_23' title="bbox 720 3776 3549 3868; baseline 0 -15"><span class='ocrx_word' id='word_1_179' title='bbox 720 3782 765 3853; x_wconf 87' lang='lat' dir='ltr'><strong>J</strong></span> <span class='ocrx_word' id='word_1_180' title='bbox 768 3807 852 3856; x_wconf 89' lang='lat' dir='ltr'>us</span> <span class='ocrx_word' id='word_1_181' title='bbox 901 3779 1308 3867; x_wconf 89' lang='lat' dir='ltr'>Criminale,</span> <span class='ocrx_word' id='word_1_182' title='bbox 1358 3778 1606 3853; x_wconf 90' lang='lat' dir='ltr'>diebus</span> <span class='ocrx_word' id='word_1_183' title='bbox 1649 3777 1930 3868; x_wconf 88' lang='lat' dir='ltr'>Lunae,</span> <span class='ocrx_word' id='word_1_184' title='bbox 1978 3777 2226 3851; x_wconf 87' lang='lat' dir='ltr'>Martis</span> <span class='ocrx_word' id='word_1_185' title='bbox 2273 3784 2344 3851; x_wconf 91' lang='lat' dir='ltr'>et</span> <span class='ocrx_word' id='word_1_186' title='bbox 2390 3776 2723 3851; x_wconf 89' lang='lat' dir='ltr'>Mercurii</span> <span class='ocrx_word' id='word_1_187' title='bbox 2806 3831 3113 3853; x_wconf 92' lang='grc'><strong>.....</strong></span> <span class='ocrx_word' id='word_1_188' title='bbox 3457 3780 3549 3855; x_wconf 91' lang='grc' dir='ltr'>Χ.</span> 
     </span>
     <span class='ocr_line' id='line_1_24' title="bbox 913 3898 3547 3974; baseline 0 -2"><span class='ocrx_word' id='word_1_189' title='bbox 913 3907 984 3972; x_wconf 89' lang='lat' dir='ltr'>et</span> <span class='ocrx_word' id='word_1_190' title='bbox 1031 3899 1144 3973; x_wconf 89' lang='lat' dir='ltr'>die</span> <span class='ocrx_word' id='word_1_191' title='bbox 1189 3899 1235 3972; x_wconf 89' lang='lat' dir='ltr'><strong>J</strong></span> <span class='ocrx_word' id='word_1_192' title='bbox 1237 3924 1382 3973; x_wconf 75' lang='lat' dir='ltr'>ovis</span> <span class='ocrx_word' id='word_1_193' title='bbox 1433 3952 3112 3974; x_wconf 87' lang='grc'><strong>........................</strong></span> <span class='ocrx_word' id='word_1_194' title='bbox 3416 3898 3547 3972; x_wconf 91' lang='grc' dir='ltr'>ΧΙ.</span> 
     </span>
     <span class='ocr_line' id='line_1_25' title="bbox 719 4012 3541 4103; baseline 0.001 -16"><span class='ocrx_word' id='word_1_195' title='bbox 719 4018 764 4087; x_wconf 86' lang='lat' dir='ltr'>J</span> <span class='ocrx_word' id='word_1_196' title='bbox 768 4040 852 4091; x_wconf 90' lang='lat' dir='ltr'>us</span> <span class='ocrx_word' id='word_1_197' title='bbox 896 4016 1270 4103; x_wconf 88' lang='lat' dir='ltr'>Naturale,</span> <span class='ocrx_word' id='word_1_198' title='bbox 1319 4013 1566 4089; x_wconf 87' lang='lat' dir='ltr'>diebus</span> <span class='ocrx_word' id='word_1_199' title='bbox 1610 4015 1886 4102; x_wconf 88' lang='lat' dir='ltr'>Lunae,</span> <span class='ocrx_word' id='word_1_200' title='bbox 1936 4014 2186 4088; x_wconf 85' lang='lat' dir='ltr'>Martis</span> <span class='ocrx_word' id='word_1_201' title='bbox 2234 4020 2306 4086; x_wconf 91' lang='lat' dir='ltr'>et</span> <span class='ocrx_word' id='word_1_202' title='bbox 2351 4012 2683 4087; x_wconf 90' lang='lat' dir='ltr'>Mercurii</span> <span class='ocrx_word' id='word_1_203' title='bbox 2722 4072 3104 4090; x_wconf 91' lang='grc'><strong>......</strong></span> <span class='ocrx_word' id='word_1_204' title='bbox 3410 4014 3541 4089; x_wconf 91' lang='grc' dir='ltr'>ΧΙ.</span> 
     </span>
     <span class='ocr_line' id='line_1_26' title="bbox 721 4131 3104 4223; baseline 0 -16"><span class='ocrx_word' id='word_1_205' title='bbox 721 4134 1059 4211; x_wconf 91' lang='lat' dir='ltr'>Ordinem</span> <span class='ocrx_word' id='word_1_206' title='bbox 1120 4136 1169 4207; x_wconf 89' lang='lat' dir='ltr'><strong>J</strong></span> <span class='ocrx_word' id='word_1_207' title='bbox 1170 4134 1556 4208; x_wconf 78' lang='lat' dir='ltr'>udrclorum</span> <span class='ocrx_word' id='word_1_208' title='bbox 1618 4132 2138 4223; x_wconf 76' lang='lat' dir='ltr'>criminalium,</span> <span class='ocrx_word' id='word_1_209' title='bbox 2206 4131 2454 4206; x_wconf 85' lang='lat' dir='ltr'>dicbus</span> <span class='ocrx_word' id='word_1_210' title='bbox 2520 4132 2805 4221; x_wconf 87' lang='lat' dir='ltr'>Lunae,</span> <span class='ocrx_word' id='word_1_211' title='bbox 2855 4134 3104 4209; x_wconf 88' lang='lat' dir='ltr'>Martis</span> 
     </span>
     <span class='ocr_line' id='line_1_27' title="bbox 815 4252 3543 4329; baseline 0 0"><span class='ocrx_word' id='word_1_212' title='bbox 815 4262 887 4329; x_wconf 86' lang='lat' dir='ltr'>et</span> <span class='ocrx_word' id='word_1_213' title='bbox 933 4253 1265 4329; x_wconf 89' lang='lat' dir='ltr'>Mercurii</span> <span class='ocrx_word' id='word_1_214' title='bbox 1346 4309 3101 4328; x_wconf 89' lang='lat'><strong>.........................</strong></span> <span class='ocrx_word' id='word_1_215' title='bbox 3372 4252 3543 4329; x_wconf 91' lang='lat' dir='ltr'><strong>XII.</strong></span> 
     </span>
    </p>
   </div>
   <div class='ocr_carea' id='block_1_8' title="bbox 399 4371 3101 4472">
    <p class='ocr_par' dir='ltr' id='par_1_10' title="bbox 399 4371 3101 4472">
     <span class='ocr_line' id='line_1_28' title="bbox 399 4371 3101 4472; baseline 0.001 -27"><span class='ocrx_word' id='word_1_216' title='bbox 399 4408 405 4415; x_wconf 94' lang='lat'><strong>·</strong></span> <span class='ocrx_word' id='word_1_217' title='bbox 525 4374 594 4446; x_wconf 88' lang='lat' dir='ltr'>J.</span> <span class='ocrx_word' id='word_1_218' title='bbox 639 4396 734 4447; x_wconf 74' lang='lat' dir='ltr'>nn</span> <span class='ocrx_word' id='word_1_219' title='bbox 778 4371 973 4446; x_wconf 75' lang='lat' dir='ltr'>WAL</span> <span class='ocrx_word' id='word_1_220' title='bbox 1041 4371 1407 4471; x_wconf 86' lang='lat' dir='ltr'>explicabit</span> <span class='ocrx_word' id='word_1_221' title='bbox 1461 4372 2074 4471; x_wconf 83' lang='lat' dir='ltr'>Encyclopaediam</span> <span class='ocrx_word' id='word_1_222' title='bbox 2120 4380 2191 4446; x_wconf 89' lang='lat' dir='ltr'>et</span> <span class='ocrx_word' id='word_1_223' title='bbox 2229 4371 2821 4472; x_wconf 84' lang='lat' dir='ltr'>Mcthodologiam</span> <span class='ocrx_word' id='word_1_224' title='bbox 2866 4373 2915 4446; x_wconf 89' lang='lat' dir='ltr'><strong>J</strong></span> <span class='ocrx_word' id='word_1_225' title='bbox 2917 4399 3059 4448; x_wconf 85' lang='lat' dir='ltr'>uns</span> <span class='ocrx_word' id='word_1_226' title='bbox 3082 4432 3101 4460; x_wconf 93' lang='lat'>,</span> 
     </span>
    </p>
   </div>
   <div class='ocr_carea' id='block_1_9' title="bbox 627 4490 3543 4698">
    <p class='ocr_par' dir='ltr' id='par_1_11' title="bbox 627 4490 3543 4686">
     <span class='ocr_line' id='line_1_29' title="bbox 627 4490 3543 4580; baseline 0.001 -16"><span class='ocrx_word' id='word_1_227' title='bbox 627 4490 872 4565; x_wconf 84' lang='lat' dir='ltr'>diebus</span> <span class='ocrx_word' id='word_1_228' title='bbox 918 4490 1206 4580; x_wconf 85' lang='lat' dir='ltr'>Lunae,</span> <span class='ocrx_word' id='word_1_229' title='bbox 1255 4491 1508 4565; x_wconf 87' lang='lat' dir='ltr'>Martis</span> <span class='ocrx_word' id='word_1_230' title='bbox 1558 4499 1629 4564; x_wconf 90' lang='lat' dir='ltr'>et</span> <span class='ocrx_word' id='word_1_231' title='bbox 1672 4491 2006 4566; x_wconf 87' lang='lat' dir='ltr'>Mercurii</span> <span class='ocrx_word' id='word_1_232' title='bbox 2081 4546 3108 4569; x_wconf 83' lang='grc'><strong>...............</strong></span> <span class='ocrx_word' id='word_1_233' title='bbox 3372 4490 3543 4568; x_wconf 92' lang='lat' dir='ltr'><strong>XII.</strong></span> 
     </span>
     <span class='ocr_line' id='line_1_30' title="bbox 721 4608 3543 4698; baseline 0 -15"><span class='ocrx_word' id='word_1_234' title='bbox 721 4609 1104 4685; x_wconf 88' lang='lat' dir='ltr'>Historiam</span> <span class='ocrx_word' id='word_1_235' title='bbox 1150 4610 1196 4681; x_wconf 85' lang='lat' dir='ltr'><strong>J</strong></span> <span class='ocrx_word' id='word_1_236' title='bbox 1201 4634 1341 4683; x_wconf 85' lang='lat' dir='ltr'>uns</span> <span class='ocrx_word' id='word_1_237' title='bbox 1387 4609 1688 4683; x_wconf 86' lang='lat' dir='ltr'>Romani</span> <span class='ocrx_word' id='word_1_238' title='bbox 1733 4609 2116 4698; x_wconf 88' lang='lat' dir='ltr'>enarrabit,</span> <span class='ocrx_word' id='word_1_239' title='bbox 2163 4609 2416 4685; x_wconf 88' lang='lat' dir='ltr'>iisdem</span> <span class='ocrx_word' id='word_1_240' title='bbox 2462 4608 2710 4684; x_wconf 87' lang='lat' dir='ltr'>diebus</span> <span class='ocrx_word' id='word_1_241' title='bbox 2792 4668 3099 4686; x_wconf 91' lang='grc'><strong>.....</strong></span> <span class='ocrx_word' id='word_1_242' title='bbox 3482 4612 3543 4683; x_wconf 92' lang='grc' dir='ltr'>Ι.</span> 
     </span>
    </p>
   </div>
   <div class='ocr_carea' id='block_1_10' title="bbox 723 4728 3549 4926">
    <p class='ocr_par' dir='ltr' id='par_1_12' title="bbox 723 4728 3545 4926">
     <span class='ocr_line' id='line_1_31' title="bbox 723 4728 3545 4827; baseline 0 -26"><span class='ocrx_word' id='word_1_243' title='bbox 723 4730 769 4801; x_wconf 89' lang='lat' dir='ltr'><strong>J</strong></span> <span class='ocrx_word' id='word_1_244' title='bbox 770 4755 855 4804; x_wconf 90' lang='lat' dir='ltr'>us</span> <span class='ocrx_word' id='word_1_245' title='bbox 902 4728 1392 4805; x_wconf 87' lang='lat' dir='ltr'>Mercatorium</span> <span class='ocrx_word' id='word_1_246' title='bbox 1443 4734 1777 4827; x_wconf 87' lang='lat' dir='ltr'>exponet,</span> <span class='ocrx_word' id='word_1_247' title='bbox 1827 4728 1940 4801; x_wconf 90' lang='lat' dir='ltr'>die</span> <span class='ocrx_word' id='word_1_248' title='bbox 1986 4729 2033 4802; x_wconf 87' lang='lat' dir='ltr'><strong>J</strong></span> <span class='ocrx_word' id='word_1_249' title='bbox 2035 4752 2180 4802; x_wconf 77' lang='lat' dir='ltr'>ovis</span> <span class='ocrx_word' id='word_1_250' title='bbox 2225 4782 2606 4805; x_wconf 92' lang='grc'><strong>......</strong></span> <span class='ocrx_word' id='word_1_251' title='bbox 2644 4808 2651 4821; x_wconf 58' lang='grc'>,</span> <span class='ocrx_word' id='word_1_252' title='bbox 2662 4787 3112 4805; x_wconf 90' lang='grc'><strong>.......</strong></span> <span class='ocrx_word' id='word_1_253' title='bbox 3374 4729 3545 4804; x_wconf 91' lang='grc' dir='ltr'><strong>ΧΙΙ.</strong></span> 
     </span>
     <span class='ocr_line' id='line_1_32' title="bbox 915 4845 3549 4926; baseline -0.002 -3"><span class='ocrx_word' id='word_1_254' title='bbox 915 4856 986 4923; x_wconf 86' lang='lat' dir='ltr'>et</span> <span class='ocrx_word' id='word_1_255' title='bbox 1035 4848 1147 4924; x_wconf 90' lang='lat' dir='ltr'>die</span> <span class='ocrx_word' id='word_1_256' title='bbox 1194 4846 1484 4924; x_wconf 86' lang='lat' dir='ltr'>Veneris</span> <span class='ocrx_word' id='word_1_257' title='bbox 1508 4903 2603 4926; x_wconf 91' lang='grc'><strong>................</strong></span> <span class='ocrx_word' id='word_1_258' title='bbox 2601 4854 2609 4861; x_wconf 86' lang='grc'><em>’</em></span> <span class='ocrx_word' id='word_1_259' title='bbox 2660 4906 3104 4926; x_wconf 91' lang='grc'><strong>.......</strong></span> <span class='ocrx_word' id='word_1_260' title='bbox 3148 4846 3223 4921; x_wconf 89' lang='grc' dir='ltr'>Χ</span> <span class='ocrx_word' id='word_1_261' title='bbox 3224 4848 3355 4922; x_wconf 89' lang='lat' dir='ltr'>Iet</span> <span class='ocrx_word' id='word_1_262' title='bbox 3377 4845 3549 4924; x_wconf 92' lang='lat' dir='ltr'><strong>XII.</strong></span> 
     </span>
    </p>
   </div>
  </div>
 </body>
</html>
