4967 6217
1974 700 2529 766 ORATIO.
3640 704 3765 769 209

737 904 1029 1003 dignum
1095 930 1206 979 me
1259 905 1558 1005 putabo,
1627 930 1884 1003 quum,
1956 909 2145 1005 quod
2213 916 2296 981 tu
2349 910 2491 982 tuis
2535 904 2890 1003 discipulis
2936 929 3084 979 esse
3136 906 3311 980 soles
3360 904 3621 1003 diuque
3666 908 3759 979 sis

735 1047 1095 1119 precamur
1115 1082 1134 1112 ‚
1187 1050 1316 1123 ego
1365 1025 1536 1098 meis
1584 1049 1722 1101 ero.

833 1142 972 1215 Sed
1029 1143 1166 1217 iam
1237 1151 1514 1242 tempus
1577 1152 1684 1217 est
1725 1145 1815 1218 ad
1855 1146 2140 1219 alteram
2189 1147 2569 1245 praesentis
2614 1146 2819 1220 officii
2864 1152 3130 1243 partem
3186 1146 3492 1221 transire.
3594 1146 3755 1219 Dis-

731 1260 982 1358 ciplina
1000 1320 1021 1349 ,
1087 1288 1299 1359 quam
1362 1264 1714 1361 profiteor,
1779 1271 1930 1337 tota
1998 1271 2306 1339 versatur
2375 1266 2448 1338 in
2518 1265 2929 1363 antiquitate
2984 1274 3055 1338 et
3116 1266 3342 1341 omnis
3412 1266 3755 1339 evanescit

731 1386 938 1478 atque
999 1382 1301 1468 tollitur,
1370 1382 1430 1453 si
1475 1405 1708 1454 verum
1757 1390 1897 1470 est,
1948 1384 2137 1480 quod
2181 1383 2384 1457 multi
2427 1384 2767 1469 clamant,
2813 1382 2928 1457 illa
2978 1383 3208 1457 studia
3252 1378 3562 1457 obsoleta
3606 1408 3755 1457 esse

730 1506 814 1572 et
877 1500 1250 1597 aliquando
1323 1500 1473 1574 aliis
1546 1494 1924 1600 disciplinis
1993 1502 2220 1576 locum
2294 1502 2534 1577 cedere
2600 1502 2869 1576 debere.
2994 1504 3156 1577 Non
3226 1526 3481 1602 magno
3548 1526 3753 1599 opere

727 1620 1104 1693 metuimus
1127 1678 1146 1707 ‚
1217 1644 1304 1692 ne
1374 1619 1532 1693 illae
1599 1598 1798 1692 voces
1857 1620 2046 1716 apud
2108 1619 2484 1718 prudentes
2556 1620 2871 1693 homines
2934 1620 3005 1692 in
3063 1620 3191 1693 hac
3253 1621 3531 1718 regione
3554 1680 3573 1705 ,
3623 1620 3747 1693 ubi

725 1739 1042 1815 classicae
1079 1763 1256 1837 quae
1301 1745 1638 1814 vocantur
1685 1738 1919 1812 literae
1959 1738 2334 1813 maximam
2369 1739 2659 1838 adeptae
2697 1746 2861 1815 sunt
2908 1740 3387 1813 auctoritatem
3404 1800 3422 1827 ‚
3476 1749 3752 1813 tantum

725 1857 1027 1945 valeant,
1058 1866 1139 1932 ut
1170 1858 1256 1931 iis
1279 1859 1490 1932 fidem
1509 1856 1762 1931 habere
1793 1865 1863 1929 et
1892 1857 2234 1956 optimum
2265 1858 3159 1971 humanitatisspraesidium
3184 1859 3475 1932 abiicere
3500 1858 3748 1947 velint;

723 1976 846 2049 sed
909 2002 1129 2075 quum
1180 1977 1626 2051 blandiantur
1669 1979 1914 2051 aetatis
1979 1986 2250 2053 nostrae
2311 1980 2626 2077 ingenio,
2694 2002 2833 2051 non
2891 1985 3183 2074 possunt
3248 2002 3388 2051 non
3438 1978 3751 2073 decipere
3820 2056 3825 2061 ,

719 2095 1030 2171 incautos
1049 2154 1068 2184 ,
1103 2096 1415 2195 illudque
1447 2096 1686 2195 negari
1713 2120 1852 2171 non
1885 2104 2114 2196 potest
2141 2098 2497 2197 pauciores
2521 2099 2595 2169 in
2622 2097 2769 2169 dies
2796 2096 3119 2182 inveniri,
3155 2097 3279 2193 qui
3304 2097 3747 2193 antiquorum

720 2213 1128 2312 scriptorum
1150 2214 1440 2287 lectione
1465 2220 1771 2287 mentem
1793 2238 2064 2300 acuere,
2091 2214 2449 2312 ingenium
2475 2212 2763 2287 formare
2781 2272 2800 2300 ,
2832 2215 3188 2287 scientiam
3212 2238 3463 2311 augere
3482 2272 3501 2299 ‚
3527 2214 3749 2287 otium

717 2356 924 2405 suum
969 2332 1304 2406 delectare
1355 2339 1476 2405 aut
1515 2332 1784 2428 possint
1827 2340 1950 2405 aut
1991 2331 2221 2405 velint.
2325 2334 2561 2408 Quare
2606 2332 2929 2405 constitui
2984 2332 3415 2429 antiquitatis
3464 2356 3745 2406 causam

713 2451 917 2524 hodie
955 2476 1156 2549 agere
1179 2510 1200 2538 ‚
1241 2458 1312 2524 et
1351 2476 1392 2523 a
1433 2449 1626 2523 vobis
1665 2451 1754 2523 A.
1793 2450 1888 2524 H.
1929 2458 2125 2549 pet0,
2164 2458 2244 2523 ut
2280 2449 2463 2523 bona
2496 2474 2659 2524 cum
2694 2450 2887 2526 venia
2918 2475 3032 2525 me
3064 2450 3362 2525 audiatis
3400 2450 3743 2524 dicentem

711 2559 808 2643 ἅθ’
821 2579 1156 2665 perpetua
1173 2569 1590 2665 philoloyiae
1621 2569 1971 2666 dzynitate.
2045 2567 2422 2667 Explicabo
2458 2568 2674 2666 igitur
2689 2626 2709 2655 ‚
2744 2593 2923 2666 quae
2960 2568 3052 2641 sit
3084 2568 3457 2667 philologia
3474 2627 3491 2654 ‚
3528 2592 3739 2666 quem

707 2686 1032 2784 praebeat
1076 2710 1280 2760 usum
1303 2743 1323 2773 ,
1374 2709 1584 2784 quam
1631 2684 1802 2759 falsa
1849 2686 1988 2759 sint
2030 2686 2349 2775 crimina,
2401 2712 2581 2785 quae
2628 2687 2701 2760 in
2750 2711 2904 2761 eam
2952 2686 3241 2760 conferri
3290 2686 3573 2760 soleant.

805 2806 905 2876 Ut
961 2804 1240 2903 linguae
1301 2804 1656 2879 universae
1678 2863 1698 2892 ,
1768 2803 1868 2877 ita
1931 2803 2204 2902 singula
2257 2828 2458 2901 saepe
2510 2803 2841 2878 vocabula
2895 2802 3155 2878 habent
3206 2798 3333 2877 s‘ua
3381 2804 3561 2889 fata,
3614 2830 3739 2877 nec

707 2930 990 3023 semper'
1039 2925 1112 2999 in
1161 2931 1492 3023 promptu
1539 2932 1683 3011 est,
1734 2947 1914 3020 quae
1959 2923 2168 2997 fuerit
2218 2923 2420 2997 variis
2463 2923 2893 3021 temporibus
2944 2948 3183 2998 eorum
3229 2924 3364 3009 vis,
3416 2930 3731 2997 accurate

702 3043 1005 3118 definire.
1130 3043 1276 3121 Qui
1339 3051 1573 3117 tamen
1638 3049 1948 3117 veterum
2015 3042 2234 3128 locos,
2305 3042 2430 3115 ubi
2497 3043 2953 3142 φιλολογίας
3014 3050 3225 3141 atque
3295 3043 3723 3141 φιλολόγων

700 3162 958 3237 mentio
1024 3163 1139 3250 fit,
1208 3162 1594 3237 considerat
1615 3221 1634 3249 ,
1701 3161 1964 3235 videbit
2033 3163 2222 3261 apud
2282 3163 2581 3259 optimos
2628 3170 2941 3236 auctores
2986 3162 3177 3235 illam
3227 3185 3377 3234 esse
3420 3162 3731 3258 disputa-

697 3284 957 3357 tionem
1005 3283 1348 3357 eruditam
1402 3283 1490 3357 de
1549 3282 1800 3356 studiis
1852 3281 2200 3355 doctrinae
2221 3340 2239 3367 ‚
2288 3281 2416 3353 hos
2465 3282 2709 3355 talium
2752 3280 3301 3379 disputationum
3356 3270 3725 3353 studiosos.

699 3402 1301 3502 complectebatur
1343 3401 1558 3498 igitur
1593 3400 1966 3499 philologia
2009 3400 2098 3475 ab
2134 3399 2332 3474 initio
2372 3425 2533 3474 cum
2574 3400 2707 3475 alia
2747 3400 2969 3473 multa
2985 3458 3005 3485 ,
3056 3407 3210 3507 tum
3252 3399 3461 3472 etiam
3506 3388 3731 3497 philo·

701 3520 1013 3619 sophiam
1029 3579 1048 3607 ,
1098 3544 1497 3618 quanquam
1536 3527 1776 3617 postea
1802 3519 1984 3593 inter
2023 3527 2388 3617 utramque
2422 3518 2859 3617 disciplinam
2897 3544 3065 3594 usus
3111 3519 3537 3615 distinguere
3572 3544 3724 3605 coe-

697 3639 804 3736 pit
821 3696 841 3725 ,
878 3647 1090 3737 atque
1124 3640 1440 3713 Plotinus
1480 3638 1910 3737 philologum
1939 3638 2239 3738 appellat
2268 3636 2667 3737 Longinum
2686 3696 2705 3727 ,
2742 3662 2953 3736 quem
2984 3637 3475 3737 philosophum
3513 3637 3747 3711 fuisse

698 3765 909 3853 negat
958 3756 1048 3848 ³).
1146 3755 1317 3829 Post
1373 3762 1644 3829 renatas
1697 3761 1932 3829 autem
1985 3756 2220 3829 literas
2274 3756 2412 3829 hoc.
2471 3778 2724 3830 nomen
2770 3764 3335 3855 assumpserunt,
3380 3757 3503 3854 qui
3554 3758 3731 3830 nulli

697 3882 920 3949 certae
981 3874 1380 3972 disciplinae
1447 3873 1666 3947 dediti
1729 3872 1803 3945 in
1863 3874 2169 3971 antiquis
2229 3873 2447 3949 literis
2494 3875 2624 3949 toti
2668 3885 2902 3964 erant,
2953 3876 3076 3974 qui
3120 3882 3427 3951 veterum
3476 3876 3730 3973 scripta

699 3994 898 4067 edere
918 4049 937 4080 ,
987 3994 1386 4079 emendare,
1436 3992 1774 4091 explicare
1821 3999 1892 4065 et
1935 3994 2044 4067 vel
2076 3991 2387 4067 docendo
2427 3994 2535 4067 vel
2573 3994 2933 4069 scribendo
2970 4020 3170 4069 suam
3203 3995 3336 4095 ipsi
3366 3995 3725 4070 scientiam

697 4137 949 4210 augere
1009 4120 1081 4185 et
1137 4110 1570 4209 antiquitatis
1615 4110 2079 4209 cognitionem
2129 4112 2280 4186 aliis
2327 4111 2710 4211 patefacere
2756 4114 3153 4211 studebant.
3254 4114 3455 4187 Tales
3510 4116 3723 4189 etiam

697 4256 884 4307 nunc
939 4232 1012 4305 in
1081 4230 1318 4304 multis
1373 4230 1771 4333 regionibus
1815 4230 2146 4333 philologi
2187 4232 2394 4331 vulgo
2434 4233 2887 4331 appellantur.
2984 4236 3341 4319 Fuerunt,
3392 4233 3514 4329 qui
3558 4233 3721 4305 huic

697 4334 1139 4452 appellationi
1185 4376 1324 4425 non
1367 4352 1534 4426 satis
1580 4350 1902 4426 definitae
1935 4350 2140 4426 aliam
2177 4350 2596 4426 substituere
2628 4360 3037 4427 conarentur
3054 4411 3073 4439 ‚
3122 4360 3335 4449 atque
3376 4358 3719 4425 nostrates

671 4473 874 4569 ‘hanc
925 4478 1144 4545 artem
1193 4494 1395 4569 saepe
1449 4473 1692 4546 literas
1751 4472 2172 4545 humaniores
2221 4479 2346 4545 aut
2387 4473 2616 4545 studia
2670 4472 3108 4551 humanitatis
3158 4478 3435 4557 vocant,
3482 4470 3541 4541 F
3548 4492 3712 4543 ann.

695 4592 884 4665 Auo.
951 4588 1302 4663 Womuus
1318 4646 1338 4676 ,
1409 4590 1532 4686 qui
1613 4590 1824 4663 huius
1885 4589 2284 4689 disciplinae
2351 4590 2527 4665 fines
2580 4589 2940 4665 constituit
3014 4597 3087 4663 et
3162 4612 3303 4687 quo
3373 4596 3715 4687 spectaret

694 4698 1041 4811 germana
1085 4706 1458 4807 philologia
1502 4708 1746 4783 docere
1792 4732 2159 4809 aggressus
2201 4717 2308 4783 est
2325 4768 2346 4797 ,
2395 4708 2829 4809 antiquitdlis
2881 4709 3303 4805 disciplinam
3341 4707 3478 4783 dici
3526 4709 3707 4782 vole-

695 4832 850 4919 bat;
903 4829 1026 4905 sed
1071 4836 1305 4903 tamen
1353 4825 1708 4927 antiquius
1754 4818 2006 4904 nomen
2051 4827 2331 4943 retineri
2377 4828 2595 4904 satius
2644 4829 2982 4905 ducimus.

3239 4950 3331 5024 27
