4967 6217
1445 688 1530 753 64
2514 688 3393 781 e„o.orzoonsn

1439 896 1588 979 suis
1653 919 1998 994 quemque
2070 890 2480 997 implicitum
2553 892 2867 969 videmus
2937 895 3253 995 negotiis.
3352 894 3493 969 Hic
3557 894 3742 967 enim
3806 920 3945 971 non
4012 898 4147 971 nisi
4210 900 4301 973 ad
4372 926 4455 974 ea

1439 1013 1768 1121 attendit,
1837 1037 2049 1110 quae,
2080 1012 2257 1087 mari
2318 1012 2589 1087 caelove
2648 1014 2866 1102 fiunt;
2927 1015 3321 1113 plantarum
3370 1014 3485 1087 ille
3530 1013 3785 1089 formas
3830 1023 3901 1089 et
3950 1016 4454 1093 vicissitudines

1437 1140 1919 1233 perscrutatur.
2017 1132 2218 1207 Alius
2265 1132 2341 1207 id
2385 1156 2606 1207 unum
2652 1132 2725 1205 in
2768 1130 2977 1205 rebus
3018 1130 3355 1229 corporeis
3398 1138 3621 1219 curat,
3671 1133 3860 1230 quod
3906 1135 4207 1232 spatium
4252 1158 4449 1209 occu-

1431 1261 1629 1351 pant,
1681 1277 1985 1352 suaeque
2035 1251 2433 1351 disciplinae
2488 1250 2931 1350 splendidum
2988 1256 3398 1347 μαθησεως
3448 1273 3699 1325 nomen
3766 1251 4099 1349 imponit,
4148 1252 4319 1351 quid
4364 1254 4451 1327 de

1430 1369 1712 1447 caeteris
1777 1372 2126 1447 existimet
2189 1371 2342 1469 ipsa
2408 1372 2539 1445 hac
2608 1396 3053 1469 μετωνυμιᾳ
3114 1369 3611 1445 demonstrans.
3710 1370 3914 1445 Alius
3985 1371 4058 1444 in
4136 1371 4451 1447 animalia

1429 1492 1747 1590 inquirit,
1817 1491 2110 1591 negligit
2161 1489 2457 1589 reliqua;
2530 1498 2610 1564 ut
2680 1488 2886 1563 verbo
2953 1488 3179 1563 dicam
3198 1546 3217 1575 ,
3290 1491 3771 1589 unusquisque
3824 1491 4201 1565 immensae
4270 1490 4451 1565 illius
4546 1576 4559 1589 ·

1431 1612 1895 1686 doctrinarum
1941 1634 2137 1685 areae
2181 1633 2395 1683 unam
2442 1608 2577 1681 sibi
2616 1630 2827 1705 quam
2872 1607 3050 1681 colat
3098 1614 3363 1705 partem
3412 1608 3625 1707 eligit.
3724 1610 3989 1684 Eadem
4037 1609 4109 1683 in
4153 1608 4445 1708 discipli·

1429 1733 1536 1805 nis
1597 1730 1986 1807 consecutio
2006 1786 2026 1817 ,
2075 1752 2253 1827 quae
2313 1720 2386 1800 in
2451 1727 2717 1802 artibus
2776 1727 3209 1823 quaestuosis
3261 1736 3333 1801 et
3384 1728 3854 1803 illiberalibus.
3954 1730 4211 1803 Tantos
4264 1730 4447 1801 enim

1427 1858 1550 1948 per
1593 1874 1954 1949 operarum
2007 1846 2566 1921 distributionem
2620 1846 2971 1920 effecimus
3016 1870 3409 1944 processus,
3462 1855 3541 1921 ut
3588 1847 3701 1921 vix
3759 1847 4121 1922 credibiles
4175 1848 4443 1921 videan-

1425 1976 1541 2041 tur
1559 2027 1578 2057 ‚
1629 1993 1807 2067 quae
1851 1968 1912 2042 si
1947 1968 2128 2042 facta
2181 1991 2322 2041 non
2367 1974 2587 2054 esset,
2637 1952 3103 2065 φυσιλογιας
3161 1965 3463 2039 conditio
3518 1990 3657 2040 non
3706 1966 3953 2059 dubito
4002 1968 4171 2065 quin
4220 1974 4450 2042 nostra

1425 2094 1646 2162 aetate
1695 2086 1935 2161 eadem
1978 2093 2159 2160 esset
2205 2094 2414 2182 atque
2461 2086 2881 2157 Graecorum
2899 2140 2918 2169 ,
2968 2082 3109 2155 imo
3157 2081 3379 2156 multo
3426 2082 3652 2156 adhuc
3702 2082 4013 2157 deterior.

1521 2207 1634 2280 Ita
1681 2212 1913 2280 autem
1965 2230 2076 2279 res
2116 2196 2460 2279 humanae
2512 2228 2585 2276 se
2638 2202 2937 2289 habent,
2990 2210 3067 2275 ut
3120 2201 3480 2275 commoda
3530 2224 3657 2275 sua
3706 2225 3976 2299 semper
4018 2202 4447 2278 incommoda

1421 2332 1821 2424 sequantur.
1919 2324 2336 2397 Universum
2379 2347 2603 2423 genus
2649 2322 3032 2397 humanum
3082 2321 3391 2419 quotidie
3439 2319 3580 2393 fere
3621 2320 4061 2419 progreditur
4073 2356 4089 2409 3
4144 2322 4446 2421 singulos

1419 2444 1730 2519 homines
1803 2442 2077 2541 saepius
2150 2450 2332 2516 retro
2402 2442 2503 2516 ire
2578 2466 2783 2515 nemo
2852 2440 3156 2541 negabit.
3262 2439 3709 2515 Sordidarum
3777 2440 4028 2513 artium
4098 2442 4445 2540 sequimur

1419 2564 1835 2662 exemplum.
1934 2562 2135 2637 Idem
2193 2562 2659 2659 operariorum
2719 2584 3051 2634 numerus
3116 2558 3191 2633 in
3258 2583 3397 2633 uno
3460 2558 3573 2633 die
3591 2618 3610 2647 ,
3675 2560 3972 2659 negotiis
4020 2560 4444 2649 distributis,

1415 2682 1616 2779 plura
1679 2680 2052 2755 fabricatur
2066 2738 2085 2768 ‚
2155 2704 2367 2778 quam
2431 2704 2555 2779 per
2619 2680 2784 2753 anni
2836 2680 3139 2777 spatium
3204 2685 3406 2753 antea
3472 2679 3801 2753 conficere
3858 2680 4089 2777 potuit
4102 2715 4121 2767 3
4194 2681 4443 2779 singuli

1417 2824 1574 2875 vero
1617 2799 1937 2898 operarii,
1986 2798 2060 2871 in
2099 2822 2227 2873 sua
2265 2800 2561 2897 quisque
2604 2806 2750 2873 arte
2796 2798 3239 2885 excellenteS,
3290 2804 3711 2872 caeterarum
3772 2799 4059 2888 artium,
4110 2800 4187 2873 ni
4230 2800 4437 2875 medi·

1415 2919 1568 2993 cina
1621 2918 2030 2992 adhibeatur
2047 2976 2068 3006 ,
2117 2917 2289 2992 adeo
2329 2917 2539 2993 rudes
2590 2924 2752 2991 sunt
2770 2975 2790 3005 ,
2841 2924 2923 2990 ut
2972 2917 3343 2991 cultiorum
3392 2918 3691 2991 virorum
3736 2918 4017 2993 nomine
4081 2921 4195 2993 vix
4253 2920 4443 3018 digni

1415 3039 1795 3113 videantur.
1894 3039 2274 3112 Doctorum
2327 3036 2629 3109 virorum
2684 3034 2928 3109 eadem
2972 3058 3191 3133 paene
3253 3034 3555 3107 conditio
3572 3091 3592 3121 ,
3643 3038 3724 3107 ut
3770 3060 4043 3111 summo
4079 3036 4237 3134 jure
4284 3061 4439 3111 oon-

1412 3158 1605 3233 tendi
1661 3158 1996 3255 potuerit,
2061 3156 2252 3256 apud
2314 3154 2637 3253 antiquos
2698 3154 2985 3252 quidem
3051 3153 3175 3251 qui
3222 3151 3627 3227 eruditionis
3685 3153 3961 3229 laudem
4021 3156 4443 3259 quaerebant

1411 3300 1650 3352 omnes
1690 3276 1781 3350 ad
1824 3273 2330 3349 humanitatem
2372 3272 2795 3373 pertinentes
2836 3280 3017 3347 artes
3055 3280 3265 3369 atque
3314 3269 3656 3346 doctrinas
3700 3280 3931 3347 mente
3972 3298 4093 3347 sua
4136 3274 4433 3372 comple·

1410 3422 1531 3470 xos
1594 3420 1744 3470 esse
1801 3420 1928 3469 nec
1993 3394 2207 3468 ullam
2270 3393 2659 3467 intellectus
2714 3392 3115 3466 facultatem
3183 3390 3604 3489 neglexisse,
3678 3415 3805 3465 nos
3882 3400 4109 3466 autem
4170 3392 4437 3492 ingenii

1407 3516 1740 3613 quasdam
1783 3522 2058 3588 tantum
2103 3512 2313 3599 vires,
2362 3511 2812 3611 paucissimas
2852 3534 3089 3607 saepe,
3139 3510 3229 3583 ad
3262 3509 3733 3595 maturitatem
3776 3511 4171 3609 perducere.
4242 3511 4439 3589 Quid

1409 3632 1594 3705 enim
1653 3631 1878 3704 effecit
1927 3654 2290 3728 operarum
2353 3630 2468 3701 illa
2527 3629 2848 3727 partitio?
2945 3627 3394 3702 Eruditorum
3458 3628 3819 3703 hominum
3876 3631 4181 3705 maxima
4236 3655 4393 3729 pars
4414 3692 4432 3717 ,

1410 3750 1482 3823 in
1533 3772 1672 3821 una
1730 3747 2244 3845 disciplinarum
2303 3746 2651 3844 provincia
2712 3745 3037 3820 omnibus
3082 3745 3290 3819 rebus
3341 3746 3789 3845 praecellenS,
3837 3748 4140 3847 reliquas
4199 3773 4432 3823 omnes

1413 3876 1536 3941 aut
1571 3865 1762 3965 parvi
1802 3866 1996 3953 facit,
2045 3872 2208 3952 aut,
2259 3864 2319 3971 si
2367 3866 2641 3963 magnis
2689 3890 2803 3939 eas
2864 3864 3101 3938 efferat
3128 3861 3522 3953 laudibus,
3588 3890 3727 3939 non
3781 3867 3879 3941 ita
3939 3877 4173 3941 tamen
4236 3869 4429 3953 colit,

1408 3995 1492 4061 ut
1548 3986 1836 4085 paulum
1879 3983 2144 4083 aliquid
2201 3984 2366 4058 ultri
2417 3985 2675 4083 primas
2736 3985 2997 4058 litteras
3052 4008 3409 4082 progressa
3462 3984 3573 4058 sit.
3672 3987 3758 4058 In
3810 3986 4187 4061 moralibus
4238 4011 4427 4084 prae·

1409 4104 1645 4180 sertim
1685 4102 2010 4178 doctrinis
2046 4101 2308 4200 ingenii
2334 4101 2508 4176 istae
2544 4109 2921 4175 cernuntur
2952 4102 3332 4200 angustiae.
3432 4102 3885 4201 Physicarum
3904 4106 4091 4180 enim
4128 4105 4427 4203 discipli·

1406 4250 1650 4301 narum
1698 4221 1822 4322 qui
1854 4222 1979 4296 uni
2012 4221 2209 4296 alteri
2241 4246 2314 4295 se
2348 4220 2540 4294 dedit
2577 4221 2877 4319 reliquas
2912 4222 3117 4295 etiam
3159 4222 3668 4319 quodammodo
3704 4248 3867 4298 cum
3899 4248 3981 4298 ea
4014 4224 4425 4323 conjungere

1405 4366 1780 4441 earumque
1846 4340 2152 4440 aliquam
2222 4338 2356 4414 sibi
2421 4363 2813 4437 comparare
2883 4341 3055 4415 solet
3125 4340 3461 4415 notitiam.
3562 4343 3934 4417 Moralium
4002 4350 4235 4417 autem
4308 4344 4425 4440 qui

1375 4465 1582 4536 ·hanc
1633 4462 1904 4535 illamve
1944 4465 2447 4559 perscrutatur,
2496 4467 2919 4532 caeterarum
2960 4459 3337 4533 admodum
3382 4460 3590 4559 vulgo
3635 4461 3829 4535 rudis
3874 4468 3943 4535 et
3986 4460 4244 4535 inscius
4298 4468 4421 4533 est.

1406 4578 1618 4656 Quod
1665 4604 1804 4677 quo
1847 4578 2069 4678 magis
2112 4583 2466 4676 appareat,
2520 4576 2691 4675 quid
2742 4578 3031 4653 morales
3072 4577 3466 4678 disciplinas
3509 4578 3892 4678 intelligam
3910 4638 3931 4669 ,
3979 4588 4051 4654 et
4092 4578 4423 4679 originem

1341 4804 1346 4809 α
1405 4696 1590 4773 unde
1639 4696 1932 4783 ducant,
1981 4696 2462 4795 explicandum
2512 4704 2635 4770 est.

1501 4816 1698 4891 Nihil
1745 4814 1956 4892 habet
1994 4816 2443 4895 dubitationis
2462 4875 2482 4904 ,
2535 4817 2705 4916 quin
2764 4817 3074 4893 homines
3136 4817 3511 4916 plurimum
3573 4817 3969 4893 hominibus
4030 4824 4101 4893 et
4158 4818 4425 4919 prosint
