4967 6217
1740 701 2294 768 ORATIO.
3437 701 3521 767 69

492 918 730 983 utrum
796 910 871 982 in
938 916 1171 984 mente
1234 908 1377 981 sola
1393 965 1414 995 ,
1482 930 1571 981 an
1633 908 1843 983 etiam
1906 916 2101 983 extra
2168 906 2616 1007 cogitationes
2681 907 2998 983 existant.
3095 906 3358 982 Verum
3427 905 3518 981 ab

490 1028 682 1105 inani
724 1028 853 1103 hac
902 1027 1262 1127 disciplina
1280 1084 1301 1114 ,
1352 1026 1687 1101 abstrusis
1734 1035 2066 1127 occupata
2122 1027 2644 1125 quaestionibus
2661 1084 2680 1113 ,
2745 1027 2973 1101 verbis
3019 1027 3244 1103 utenti
3301 1051 3520 1125 aeque

489 1148 825 1222 abstrusis
842 1204 863 1235 ,
902 1144 1373 1245 philosophiae
1408 1144 1737 1220 honorem
1780 1147 2123 1246 abjudico.
2205 1146 2389 1221 Mihi
2429 1147 2862 1246 philosophia
2900 1146 3266 1234 naturalis,
3311 1169 3524 1245 quam

490 1267 681 1367 apud
726 1292 845 1341 eos
892 1291 983 1340 ne
1032 1266 1375 1364 quaeratis
1391 1322 1411 1351 ,
1462 1265 1587 1362 qui
1632 1264 1853 1364 ipsius
1890 1248 2215 1338 ‘auctores
2272 1272 2485 1363 atque
2545 1267 2888 1365 principes
2950 1267 3119 1341 dicti
3178 1274 3373 1353 sunt,
3439 1290 3522 1338 ea

494 1386 802 1461 doctrina
858 1394 998 1472 est,
1048 1408 1225 1482 quae
1272 1372 1613 1472 ostendit,
1661 1390 1880 1457 totam
1932 1390 2253 1457 naturam
2301 1408 2477 1481 opus
2529 1408 2678 1457 esse
2731 1410 3004 1459 summa
3054 1392 3200 1460 arte
3263 1383 3520 1483 perfec·

490 1514 645 1577 tum
660 1561 683 1592 ,
730 1503 930 1603 cujus
984 1503 1289 1577 diversae
1339 1510 1569 1600 partes
1621 1502 1959 1590 efficiunt,
2010 1510 2091 1576 ut
2152 1501 2367 1575 totius
2428 1502 2700 1577 artificii
2763 1505 2865 1578 vis
2925 1512 3138 1603 atque
3199 1503 3520 1602 splendor

489 1629 860 1721 augeatur,
928 1628 1082 1710 aut,
1158 1621 1219 1695 si
1289 1621 1447 1720 quis
1520 1622 1717 1697 malit
1774 1622 1905 1697 hoc
1980 1621 2189 1696 simili
2259 1623 2365 1695 uti
2383 1681 2404 1711 ,
2471 1622 2876 1721 imperium,
2945 1624 3146 1723 cujus
3214 1622 3522 1698 diversae

490 1739 803 1840 regiones
860 1740 1237 1815 arctissime
1300 1740 1667 1818 cohaerent
1731 1741 2113 1839 eademque
2158 1742 2382 1840 prima
2435 1744 2586 1840 lege
2633 1750 2988 1842 reguntur.
3087 1742 3285 1818 Haec
3331 1749 3526 1816 tanta

490 1861 640 1934 luce
677 1886 789 1935 res
830 1885 1185 1959 corporeas
1223 1860 1615 1959 perfundit,
1664 1860 1833 1933 haec
1878 1867 2231 1957 tantopere
2275 1859 2548 1933 exacuit
2589 1859 2850 1959 ingenii
2889 1861 3105 1935 aciem
3122 1919 3140 1947 ,
3190 1867 3271 1934 ut
3303 1866 3524 1934 totam

488 1986 807 2055 naturam
874 1981 1128 2055 mentis
1198 1981 1415 2055 oculis
1487 1979 1853 2054 terminare
1924 1988 1995 2053 et
2066 1979 2419 2053 vinculum
2488 1980 2869 2077 perspicere
2934 1980 3311 2078 possimus,
3383 2002 3524 2077 quo

490 2099 987 2174 remotissimae
1064 2124 1175 2173 res
1255 2100 1683 2199 colligantur.
1784 2100 1933 2173 Nec
2004 2098 2406 2215 hujusmodi
2476 2099 2876 2197 disciplinae
2953 2106 3384 2173 momentum
3457 2105 3529 2170 et

490 2216 967 2291 auctoritatem
1034 2216 1123 2291 ab
1176 2218 1319 2291 uilo
1381 2244 1716 2317 umquam
1764 2218 2090 2353 physion,
2140 2202 2459 2317 cujusvis
2499 2225 2786 2293 naturae
2834 2219 3050 2316 partis
3110 2218 3260 2317 ipse
3308 2217 3524 2291 conti-

489 2343 735 2409 neatur
802 2336 1097 2423 finibus,
1166 2339 1359 2435 parvi
1425 2339 1686 2412 factum
1758 2338 1879 2426 iri,
1954 2338 2281 2412 audacter
2348 2338 2710 2411 contend0.
2810 2337 2910 2410 At
2982 2337 3224 2434 procul
3283 2335 3372 2410 ab
3445 2360 3526 2409 ea

489 2454 720 2528 absint
766 2456 889 2553 qui
932 2456 1005 2529 in
1056 2458 1206 2556 ipsa
1261 2457 1711 2546 astronomia,
1760 2458 2069 2543 chemia,
2115 2456 2582 2554 physiologia,
2647 2479 2896 2553 parum
2945 2454 3323 2528 admodum
3368 2478 3524 2554 pro-

487 2571 803 2661 fecerint,
882 2582 952 2648 et
1032 2577 1271 2673 paucis
1352 2577 1774 2675 quibusdam
1854 2576 2085 2649 animo
2158 2599 2243 2649 an
2252 2574 2538 2673 teceptis
2615 2598 2846 2648 rerum
2927 2572 3528 2648 informationibus

486 2694 826 2781 contenti,
880 2696 1281 2793 ε’,ιιπειριαν
1330 2696 1711 2769 contemtui
1758 2695 2079 2769 habeant.
2178 2696 2405 2768 Nemo
2452 2693 2544 2769 ad
2607 2717 2762 2769 eam
2828 2694 3146 2782 accedat,
3207 2692 3342 2770 nisi
3404 2694 3530 2792 qui

488 2814 936 2911 ε’μπειρικας
983 2813 1379 2910 disciplinas
1427 2838 1641 2912 quam
1694 2813 2203 2889 accuratissime
2265 2813 2417 2887 fieri
2480 2820 2709 2911 potest
2774 2812 3201 2911 cognoverit,
3271 2818 3344 2885 et
3362 2870 3382 2899 ,
3451 2813 3526 2886 in

484 2931 795 3027 ipsarum
860 2931 1173 3006 omnium
1227 2932 1429 3031 quasi
1492 2926 1727 3007 centro
1774 2932 2041 3032 positus
2059 2989 2080 3018 ,
2143 2932 2276 3005 levi
2338 2955 2546 3029 opera
2603 2932 2694 3007 ad
2746 2932 3061 3031 quamvis
3125 2930 3313 3007 orbis
3369 2956 3525 3030 par-

488 3056 631 3121 tem
670 3073 745 3123 se
790 3072 1059 3124 movere
1104 3053 1343 3149 possit.
1438 3054 1569 3127 Est
1618 3052 1789 3125 mihi
1848 3052 1923 3126 in
1970 3052 2099 3127 hac
2147 3051 2618 3150 philosophiae
2682 3060 2874 3150 parte
2941 3052 3524 3137 Hunnorum-Ius,

486 3190 575 3239 ne
640 3166 931 3242 aliorum
996 3170 1278 3246 nomina
1344 3172 1621 3247 recitem
1642 3229 1663 3259 ,
1740 3170 1883 3245 dux
1948 3178 2159 3267 atque
2222 3195 2504 3268 auspex.
2603 3172 2838 3269 Ipsius
2909 3170 3208 3245 audiatis
3279 3168 3485 3243 verba
3503 3228 3524 3257 ,

487 3285 744 3383 quibus
792 3312 989 3363 suam
1036 3290 1376 3365 rationem
1424 3316 1505 3367 ac
1554 3290 1989 3388 disciplinam
2035 3290 2385 3387 eleganter
2430 3290 2771 3386 exposuit.

583 3392 740 3479 Hoc
761 3464 780 3491 ‚
830 3408 1093 3505 inquit,
1144 3410 1303 3485 licet
1350 3412 1533 3485 enim
1588 3412 1663 3483 in
1710 3410 2041 3483 Latinum
2106 3409 2225 3482 illa
2277 3418 2666 3483 convertere
2685 3468 2706 3497 ,
2773 3410 2904 3483 hoc
2957 3408 3184 3507 cogito
3204 3466 3224 3495 ,
3291 3429 3522 3479 rerum

490 3522 1005 3599 universitatem
1079 3552 1233 3601 vere
1300 3529 1820 3604 universitatem
1839 3586 1859 3615 ,
1930 3552 2177 3627 corpus
2198 3586 2219 3616 ,
2288 3528 2706 3626 intelligere;
2779 3528 2854 3601 in
2929 3524 3222 3625 singulis
3293 3548 3524 3599 rerum

486 3640 723 3715 formis
768 3643 1045 3718 easdem
1082 3648 1431 3746 percipere
1480 3647 1909 3723 conditiones
1928 3704 1948 3733 ,
2000 3646 2279 3721 easdem
2327 3652 2616 3720 naturae
2663 3647 2890 3745 leges3
2941 3652 3014 3719 et
3055 3645 3144 3718 ab
3194 3644 3364 3741 ipsis
3416 3643 3524 3717 his

488 3759 758 3859 legibus
808 3762 899 3836 ad
948 3790 1313 3841 causarum
1374 3790 1633 3842 nexum
1688 3766 2125 3841 adscendere.
2223 3764 2483 3864 Incipit
2541 3764 2668 3839 hoc
2738 3764 2986 3838 mundi
3051 3788 3176 3837 seu
3237 3770 3526 3839 naturae

486 3879 747 3953 ordinis
786 3881 1219 3982 intelligendi
1257 3887 1571 3961 studium
1606 3884 1696 3959 ab
1734 3884 1821 3959 iis
1857 3883 2367 3959 conditionibus
2380 3942 2401 3972 ,
2452 3883 2710 3981 quibus
2751 3881 3072 3979 physicae
3106 3880 3522 3955 mutationes

492 3998 717 4075 ubivis
766 3999 941 4099 juris
989 4006 1187 4102 quasi
1233 4005 1721 4105 aequabilitate
1766 4002 2115 4101 subjectae
2165 4010 2365 4089 sunt3
2417 4002 2611 4075 ducit
2653 4002 2745 4078 ad
2787 4027 3026 4076 eorum
3045 4059 3063 4087 ,
3113 4025 3292 4099 quae
3329 3999 3517 4074 vide-

493 4142 682 4205 mus,
754 4124 1262 4220 perceptionem
1330 4134 1539 4224 atque
1606 4120 2129 4219 intelligentiam
2155 4178 2173 4208 ,
2242 4119 2530 4194 minime
2598 4146 2754 4196 vero
2820 4122 2910 4194 ad
2975 4120 3166 4194 illam
3233 4126 3518 4192 naturae

492 4240 1135 4335 contemplationem
1160 4302 1179 4330 ,
1251 4269 1429 4341 quae
1498 4242 1589 4318 ab
1656 4265 1799 4315 una
1868 4238 2321 4337 proficiscitur
2388 4242 2802 4338 cogitatione
2816 4300 2836 4328 ‚
2909 4263 3136 4337 neque
3203 4236 3294 4311 ad
3335 4259 3516 4310 eam

494 4355 779 4432 unitatis
822 4358 1155 4435 rationem
1173 4419 1194 4449 ,
1244 4388 1421 4460 quae
1471 4362 1561 4438 ab
1610 4362 1961 4459 ἐμπειριᾳ
2003 4358 2273 4433 divulsa
2316 4366 2443 4434 est.
2541 4359 2658 4434 Ab
2707 4384 2788 4434 ea
2825 4359 3012 4433 enim
3051 4358 3258 4455 longo
3305 4355 3514 4429 inter-

496 4474 669 4549 vallo
706 4475 1044 4551 distamus
1084 4486 1307 4553 aetate
1324 4539 1344 4568 ,
1394 4506 1535 4580 qua
1568 4482 1719 4555 fieri
1753 4503 1955 4581 posse
1996 4476 2500 4567 confidebatur,
2555 4487 2634 4553 ut
2671 4478 2934 4565 omnia,
2983 4500 3162 4575 quae
3198 4474 3516 4549 sensibus

494 4603 564 4669 et
616 4596 845 4671 animo
915 4598 1389 4696 percipiuntur
1406 4661 1426 4690 ,
1477 4600 1569 4676 ad
1634 4599 2031 4675 absolutum
2092 4597 2465 4694 quemdam
2525 4605 2811 4671 naturae
2871 4602 3284 4694 conceptum
3339 4592 3511 4668 refe·

492 4720 750 4789 rantur.
850 4716 1145 4815 Physica
1218 4718 1335 4793 illa
1353 4779 1374 4809 ,
1440 4742 1653 4818 quam
1718 4740 2089 4817 persequor
2103 4774 2123 4803 ,
2189 4741 2738 4814 κοσμογραφια
2802 4739 2943 4789 non
3007 4740 3162 4789 eam
3235 4713 3516 4789 simulat

495 4833 582 4906 de
628 4858 856 4911 rerum
898 4845 1145 4913 natura
1194 4838 1573 4915 doctrinam
1595 4896 1613 4925 ,
1665 4860 1843 4935 quae
1904 4834 2047 4909 sola
2106 4835 2367 4909 nitatur
2418 4836 2714 4924 ratione3
2779 4844 2883 4909 est
2947 4834 3177 4933 potius
3238 4858 3511 4921 eorum,
