4967 6217
1399 696 1484 763 20
2125 680 2134 697 '
2374 691 2701 759 mooun
2746 692 3209 759 cnms‘mm
3254 691 3443 758 Klsr

1495 902 1655 977 Alia
1701 924 2227 975 commemorare
2263 900 2687 998 'supersedeo
2740 899 3235 973 sententiarum
3302 896 3591 971 divortia
3612 954 3632 983 ,
3698 895 4124 971 reviviscenti
4188 904 4419 1002 tamen

1401 1022 1578 1095 vitae
1639 1044 1794 1094 vere
1863 1020 2292 1093 Christianae
2358 1044 2438 1093 eo
2491 1038 2679 1093 nunc
2725 1018 3239 1117 perniciosiora,
3304 1041 3444 1114 quo
3500 1016 3815 1113 proprius
3866 1015 4209 1089 doctrinas
4270 1015 4421 1088 illas

1399 1166 1583 1216 mere
1633 1124 1963 1239 practicas
2020 1139 2432 1237 tangebant,
2504 1164 2677 1237 quas
2728 1140 3031 1237 primum
3094 1138 3167 1210 in
3231 1138 3456 1210 lucem
3504 1143 3927 1231 protraxerat
3976 1132 4416 1206 Reformatio.

1399 1264 1634 1360 Ipsam
1685 1261 1988 1333 Coenam
2042 1258 2361 1345 Domini,
2411 1282 2494 1331 eo
2538 1258 2929 1331 institutam
2994 1254 3276 1330 consilio
3296 1313 3313 1341 ,
3384 1262 3465 1326 ut
3520 1254 3769 1327 amoris
3820 1252 4145 1327 omnibus
4190 1251 4420 1323 divino

1397 1380 1669 1453 vinculo
1711 1386 1928 1465 esset,
1978 1377 2235 1450 irarum
2275 1377 2488 1451 fuisse
2504 1434 2522 1464 ‚
2570 1376 2857 1449 novistis
2874 1434 2893 1462 ,
2944 1372 3375 1447 discessionis
3415 1372 3811 1468 aeternique
3854 1371 3994 1445 fere
4038 1370 4181 1443 odii
4225 1394 4419 1445 caus·

1397 1524 1564 1572 sam.
1666 1499 1764 1571 At
1812 1504 2074 1571 ceterae
2129 1521 2406 1594 quoque
2427 1553 2447 1581 ,
2498 1520 2677 1593 quae
2726 1493 3112 1579 hominem,
3177 1493 3467 1589 eiusque
3528 1490 3994 1564 conditionem
4060 1490 4377 1562 miseram
4400 1546 4419 1575 ,

1395 1616 1950 1715 propositamque
1979 1615 2111 1714 ipsi
2142 1616 2384 1689 salutis
2413 1614 2597 1687 viam
2642 1620 2985 1711 spectant,
3035 1611 3474 1711 gravissimae
3499 1608 3865 1706 Euangelii
3896 1608 4245 1681 doctrinae
4262 1665 4282 1694 ‚
4324 1649 4424 1663 -—

1395 1737 1524 1809 hae
1572 1738 1800 1833 ipsae,
1849 1736 1940 1809 ad
1991 1758 2202 1807 unam
2251 1734 2392 1807 fere
2441 1757 2679 1806 omnes
2702 1792 2720 1818 ,
2789 1732 2889 1805 ita
2940 1756 3125 1803 nunc
3172 1729 3395 1827 magis
3444 1729 3803 1825 magisque
3850 1726 4421 1825 Dogmaticorum

1393 1862 1710 1953 expertae
1774 1862 1937 1927 sunt
1985 1879 2180 1927 curas
2201 1912 2219 1941 ,
2288 1860 2370 1925 ut
2435 1853 2676 1927 morali
2732 1876 2856 1924 sua
2918 1850 3147 1923 indole
3213 1858 3423 1944 atque
3488 1846 3741 1919 virtute
3762 1904 3781 1932 ,
3850 1868 4178 1942 magnam
4240 1852 4421 1917 certe

1389 1981 1656 2073 partem
1679 2032 1698 2060 ‚
1749 1954 2305 2047 destituerentur.
2407 1974 2564 2045 Imo
2603 1970 2791 2043 haud
2829 1970 3195 2042 defuerunt
3236 1965 3461 2054 brevi,
3514 1966 3637 2061 qui
3688 1964 4137 2038 orthodoxam
4187 1963 4419 2037 Eccle-

1393 2093 1531 2165 siae
1561 2092 1942 2166 doctrinam
1971 2094 2258 2166 ulterius
2289 2098 2639 2190 perpetue,
2665 2090 3117 2187 explicanteS,
3166 2112 3326 2161 cum
3372 2112 3451 2159 eo
3498 2085 3942 2182 procederent
3978 2082 4377 2156 temeritatis
4398 2142 4417 2169 ‚

1397 2215 1478 2281 ut
1530 2217 1940 2307 ‘speccatum
1993 2212 2276 2309 originis
2334 2212 2561 2309 ipsam
2616 2209 2912 2282 hominis
2955 2206 3409 2280 substantiam
3429 2207 3497 2292 ,''
3555 2205 3697 2277 imo
3744 2227 3900 2276 vero
3956 2201 4179 2276 nbona
4216 2226 4419 2299 opera

1389 2329 1480 2400 ad
1513 2328 1804 2402 salutem
1863 2355 2011 2403 esse
2059 2331 2310 2404 noxia'’
2359 2327 2835 2427 perhiberent,
2893 2327 3084 2401 omni
3121 2326 3261 2399 iam
3302 2324 3533 2398 virtuti
3578 2350 3658 2397 ac
3705 2322 3946 2420 pietati
3989 2320 4416 2395 Christianae

1391 2446 1586 2544 apud
1631 2447 2028 2521 innumeros
2083 2448 2366 2521 omnino
2413 2472 2657 2522 nervos
2706 2446 3196 2545 praeciderent.
3406 2446 3413 2459 “

1481 2566 1575 2637 Et
1609 2564 1704 2637 sic
1737 2566 2018 2662 quidem
2040 2624 2059 2653 ,
2107 2566 2472 2664 imperium
2514 2572 2915 2667 capescente
2953 2563 3364 2659 Dogmatica
3400 2562 3772 2660 Theologia
3789 2620 3809 2649 ‚
3858 2562 4143 2637 Moralis
4182 2572 4417 2638 contra

1384 2692 1595 2779 atque
1641 2683 1953 2757 Praetica
1999 2684 2312 2781 neglecta
2359 2684 2585 2758 omnis
2636 2710 2713 2757 ac
2762 2683 2903 2757 fere
2954 2692 3183 2779 spreta
3228 2682 3460 2756 iacuit.

1483 2801 1884 2895 Reformata
1948 2802 2254 2876 Ecclesia
2275 2860 2292 2889 ,
2361 2803 2618 2889 fateor,
2687 2802 2821 2875 1160
2888 2826 3014 2875 suo
3082 2801 3362 2875 nomine
3417 2800 3517 2874 ita
3574 2826 3842 2899 semper
3896 2803 4084 2875 haud
4135 2802 4415 2875 omnino

1383 2922 1738 3020 indignam
1820 2946 1893 2995 se
1958 2921 2334 3018 praestitit,
2405 2930 2489 2995 ut
2532 2922 2885 2996 -moralem
2956 2920 3323 3017 Euangelii
3382 2926 3452 2993 et
3516 2918 4049 2994 Reformationis
4114 2921 4414 2995 indolem

1357 3041 1788 3140 diligentius
1815 3041 2081 3139 ‚coleret
2131 3048 2465 3140 perpetuo
2518 3068 2597 3116 ac
2645 3050 2955 3115 tueretur
2974 3099 2993 3128 ,
3042 3064 3270 3137 neque
3324 3037 3671 3113 doctrinae
3721 3046 3996 3114 tantum
4038 3052 4162 3114 aut
4214 3042 4413 3127 fidei,

1387 3161 1510 3234 sed
1534 3162 1708 3233 vitae
1732 3160 2070 3257 imprimis
2096 3161 2567 3257 integritatem
2606 3186 2809 3235 curae
2832 3160 3157 3257 cordique
3179 3158 3483 3232 haberet.
3532 3160 3615 3231 In
3636 3158 3899 3233 Lama
3908 3183 4042 3233 a'ro
4062 3160 4376 3233 DANAEo
4393 3218 4410 3246 ,

1381 3280 1726 3353 nascentis
1786 3286 2059 3351 nostrae
2108 3279 2526 3354 Academiae
2585 3280 2883 3365 lumine,
2947 3279 3171 3352 virum
3232 3278 3403 3351 adeo
3458 3278 3657 3363 tulit,
3709 3278 3831 3375 qui
3874 3282 4161 3354 Etkicea
4220 3281 4410 3352 Cleri-

1379 3402 1647 3473 stianae
1721 3398 1882 3471 data
1946 3422 2156 3496 opera
2228 3399 2541 3472 excultae
2622 3400 2933 3472 omnium
3009 3398 3273 3495 primus
3350 3396 3745 3494 exemplum
3818 3396 3981 3469 satis
4052 3398 4411 3495 egregium

1381 3524 1682 3615 poneret.
1783 3517 2043 3590 Verum
2075 3526 2314 3613 'neque
2359 3518 2569 3591 huius
2584 3576 2604 3605 ,
2652 3542 2879 3614 neque
2940 3517 3231 3589 aliorum
3294 3514 3797 3612 prohibuerunt
3861 3515 4127 3589 labores
4154 3574 4172 3603 ,
4240 3516 4413 3613 quin

1389 3665 1426 3704 ιι
1447 3634 1734 3708 Pietatis
1780 3635 2173 3707 exercitatio
2196 3636 2264 3722 ,’'
2315 3660 2739 3734 quamquam
2794 3636 3210 3709 Reformatis
3264 3634 3549 3708 maximi
3594 3660 3862 3732 semper
3903 3635 4085 3709 facta
4103 3695 4122 3723 ‚
4174 3644 4409 3709 tamen

1383 3752 1826 3827 invalescenti
1868 3752 2048 3825 inter
2089 3752 2275 3850 ipsos
2322 3778 2601 3851 quoque
2642 3754 3109 3852 Dogmatismi
3155 3754 3443 3851 imperio
3501 3754 3721 3851 magis
3780 3762 4114 3854 perpetuo
4182 3756 4410 3829 locum

1385 3872 1673 3946 cederet.
1778 3872 1990 3948 Quod
2037 3871 2320 3969 quidem
2363 3896 2444 3945 eo
2493 3873 2727 3946 minus
2782 3872 3011 3945 mirari
3072 3872 3297 3961 subit,
3365 3872 3693 3970 quoniam
3738 3874 3845 3947 vel
3918 3873 4136 3973 ipsius
4214 3877 4407 3949 Cate-
4442 3962 4459 3975 ·

1386 3992 1618 4063 chiami
1645 3990 2273 4089 Heidelberyensis,
2323 3992 2513 4066 aurei
2552 3992 2867 4090 quamvis
2894 3992 3031 4065 illis
3067 3994 3347 4090 quidem
3382 3992 3809 4090 temporibus
3844 3994 4057 4068 libelli
4076 4054 4095 4082 ,
4148 3995 4410 4069 factum

1387 4117 1492 4183 est
1536 4108 1942 4184 auctoritate
1962 4166 1981 4196 ,
2034 4116 2114 4181 ut
2163 4109 2555 4186 Christiana
2598 4112 2819 4185 'virtus
2866 4112 3185 4208 vitaeque
3242 4112 3597 4197 sanctitas,
3650 4114 3875 4187 omnis
3926 4114 4095 4215 adeo
4134 4113 4409 4187 moralis

1385 4229 1598 4302 animi
1648 4228 1964 4325 vitaeque
2007 4227 2306 4302 hominis
2355 4232 2746 4305 emendatio
2796 4240 3005 4329 atque
3053 4231 3379 4329 perfectio
3398 4288 3417 4318 ‚
3490 4254 3628 4303 non
3674 4239 4031 4331 tamquam
4094 4230 4407 4305 omnium

1385 4350 1684 4445 primum
1717 4372 1798 4421 ac
1831 4347 2147 4445 princeps
2182 4348 2581 4437 haberetur,
2611 4350 2701 4424 ad
2732 4350 2919 4448 quod
2946 4350 3265 4423 Christus
3288 4351 3437 4447 ipse
3457 4407 3476 4436 ,
3508 4374 3631 4446 per
3654 4350 3864 4423 fidem
3900 4350 4365 4425 sibi'habitam
4386 4408 4405 4436 ‚
4458 4417 4467 4427 ,
4600 4354 4607 4361 ’

1384 4486 1622 4537 omnes
1663 4464 1922 4562 erigere
1963 4472 2173 4561 atque
2213 4465 2553 4539 adducere
2602 4466 2841 4555 vellet,
2892 4468 3016 4541 sed
3064 4491 3220 4541 vero
3262 4476 3618 4565 tamquam
3668 4468 4098 4568 subsequens
4140 4470 4403 4568 aliquid

1381 4606 1462 4656 ac
1517 4582 1991 4656 secundarium
2012 4641 2032 4670 ,
2099 4609 2140 4657 e
2197 4585 2378 4688 grati
2443 4586 2771 4659 nimirum
2837 4586 3051 4659 animi
3110 4611 3351 4675 sensu,
3417 4588 3648 4685 quoad
3716 4588 3866 4686 ejus
3932 4590 4083 4662 fieri
4148 4588 4403 4687 possit,

1379 4699 1849 4774 derivandum.

1476 4819 1588 4895 De
1607 4816 2029 4895 'Lutherana
2073 4846 2230 4897 vero
2271 4826 2574 4901 Ecclesia
2610 4826 2821 4901 nolite
2868 4851 3209 4926 quaerere.
3312 4828 3507 4902 Haec
3552 4828 3736 4902 enim
3788 4853 3867 4903 eo
3916 4853 4137 4927 usque
4180 4826 4405 4901 omnis
