4967 6217
1800 705 2353 778 ORATIO.
3509 712 3594 779 13

564 912 660 991 ad
718 938 940 993 unum
994 916 1162 991 haec
1201 912 1433 988 omnia
1470 912 1545 987 in
1595 913 1901 989 oratione
1942 914 2261 991 conteita
2318 916 2650 1015 leguntur
2665 972 2687 1004 ,
2735 913 2862 988 ubi
2903 922 3138 989 auctor
3189 940 3328 992 non
3371 917 3585 1016 expli·

568 1034 953 1109 cationibus
1017 1032 1407 1109 theoreticis
1476 1040 1701 1121 vacat,
1766 1058 1893 1109 nec
1949 1034 2243 1109 doctoris
2304 1033 2680 1135 dogmatici
2725 1057 3012 1109 munere
3059 1035 3374 1134 fungitur
3390 1093 3410 1124 ,
3461 1038 3586 1111 sed

566 1178 725 1229 vero
792 1156 884 1230 ad
954 1179 1195 1255 pacem
1212 1212 1232 1243 ,
1294 1153 1388 1229 ad
1445 1151 1979 1226 misericordiam
1994 1212 2015 1242 ‚
2080 1154 2172 1228 ad
2238 1162 2520 1229 constan
2528 1154 2693 1228 tiam
2711 1212 2732 1242 ,
2792 1155 2885 1228 ad
2945 1155 3156 1230 fidem
3177 1213 3197 1244 ,
3261 1180 3455 1255 spem
3513 1165 3586 1231 et

562 1272 917 1347 caritatem
980 1272 1405 1348 Christianos
1470 1270 1783 1344 hortatur
1834 1272 1917 1363 ¹).
1982 1316 2081 1333 —-
2148 1272 2507 1369 Reputent
2577 1272 2746 1361 hoc,
2819 1273 2974 1371 qui,
3043 1274 3116 1349 in
3187 1274 3588 1350 huiusmodi

566 1391 849 1465 fortuito
897 1391 1223 1488 aliudque
1266 1388 1535 1488 agendo
1580 1388 1783 1464 dictis
1800 1448 1821 1478 ,
1869 1390 2100 1464 nescio
2146 1391 2319 1488 quid
2358 1390 2696 1464 reconditi
2737 1396 2808 1463 et
2856 1390 3158 1465 absoluti
3199 1394 3579 1491 requirunt.

564 1508 716 1583 Nos
780 1516 961 1583 certe
1019 1508 1184 1582 inde
1242 1506 1591 1584 discamus
1658 1516 1927 1606 oportet
1940 1568 1962 1597 ‚
2028 1509 2103 1583 in
2164 1508 2433 1608 seriptis
2511 1535 2788 1609 quoque
2851 1510 3195 1599 Paulinis,
3261 1511 3586 1613 dogmata

566 1625 947 1725 Religionis
994 1625 1327 1701 hactenus
1378 1634 1651 1701 tantum
1702 1635 2233 1703 commemorata
2280 1635 2353 1703 et
2403 1628 2616 1703 veluti
2664 1629 2966 1703 delibata
3004 1636 3302 1720 exstare,
3345 1638 3585 1731 quate-

564 1770 697 1821 nus
716 1804 737 1835 ,
800 1744 1059 1845 quibus
1122 1745 1437 1845 scripsit,
1499 1745 1929 1836 hominibus,
1992 1748 2086 1822 ad
2127 1747 2562 1822 excitandam
2609 1748 3138 1848 augendamque
3178 1749 3392 1825 vitam
3434 1774 3587 1825 vere

566 1866 895 1940 moralem
967 1889 1047 1940 ac
1107 1864 1570 1939 Christianam
1626 1866 1891 1942 faciunt
1905 1900 1923 1955 3
1991 1868 2302 1965 adeoque
2364 1867 2590 1965 ipsam
2656 1868 2882 1958 illam,
2949 1892 3157 1968 quam
3217 1868 3545 1943 exhibent
3565 1928 3585 1957 ,

563 1984 1009 2059 theoreticam
1067 1984 1572 2059 institutionem
1638 2010 1764 2061 sua
1812 1986 2043 2061 indole
2094 2012 2175 2062 ac
2228 1987 2511 2062 consilio
2565 1974 2869 2062 omnem'
2894 1988 3178 2063 omnino
3219 1988 3589 2087 practicam

564 2127 734 2179 esse.
780 2145 877 2158 —
920 2104 1029 2177 Sit
1082 2103 1299 2203 igitur
1322 2104 1649 2181 ῬΑυισΒ
1707 2130 1837 2179 suo
1884 2105 2033 2180 iure
2070 2106 2482 2205 Theologiae
2529 2114 2728 2206 pater
2777 2094 3153 2195 dicendus;
3200 2106 3332 2182 hoc
3376 2106 3584 2195 aden,

562 2220 655 2296 ad
695 2221 845 2295 eius
894 2222 1287 2321 exemplum
1306 2281 1327 2311 ,
1376 2208 1707 2323 Theologi
1748 2224 2124 2299 Christiani
2174 2250 2445 2325 semper
2488 2225 2702 2300 libere
2749 2251 2828 2300 ac
2877 2234 3155 2300 strenue
3205 2231 3456 2325 agant,
3509 2233 3586 2299 ut

560 2347 841 2416 aeterna
904 2341 1287 2440 Religionis
1347 2341 1685 2441 principia
1700 2400 1721 2433 ,
1792 2344 1985 2419 omni
2048 2344 2359 2419 adhibita
2426 2370 2592 2420 cura
2651 2369 2731 2420 ac
2789 2344 3244 2420 sollicitudine
3263 2403 3284 2434 ‚
3350 2370 3390 2419 e
3443 2344 3587 2419 suis

564 2460 875 2539 fontibus
950 2467 1265 2561 repetant
1282 2518 1305 2549 ,
1377 2484 1684 2537 errorum
1760 2463 2079 2537 sordibus
2138 2469 2474 2562 purgent,
2543 2462 2618 2535 in
2677 2462 2956 2535 clariore
3028 2469 3363 2559 perpetuo
3434 2462 3586 2535 luce

563 2588 861 2681 ponant;
912 2580 1041 2655 hoc
1086 2604 1245 2655 vero
1286 2579 1495 2654 simul
1529 2606 1572 2655 a
1606 2581 1863 2657 Pium
1897 2581 2167 2654 discant
2205 2580 2475 2678 sibique
2514 2578 2972 2678 persuadeant
3011 2602 3252 2654 omnes
3269 2638 3290 2669 ‚
3339 2604 3590 2655 vanam

566 2723 846 2775 omnem
883 2698 1293 2798 Theologiae
1324 2698 1680 2773 scientiam
1714 2721 1863 2773 esse
1876 2756 1897 2787 ,
1944 2698 2081 2772 nisi
2122 2722 2299 2796 quae
2319 2756 2339 2787 ,
2388 2722 2514 2796 per
2552 2698 2764 2771 fidem
2783 2754 2804 2787 ‚
2855 2723 3050 2797 spem
3083 2705 3155 2771 et
3193 2698 3547 2775 caritatem
3567 2758 3586 2787 ,

562 2817 731 2892 haec
784 2817 951 2906 tria,
1010 2841 1136 2915 per
1190 2814 1543 2889 caritatem
1596 2816 1897 2891 maxime
1938 2820 2002 2910 8)
2027 2874 2049 2907 ,
2096 2817 2189 2893 ad
2238 2817 2428 2891 illam
2472 2816 2690 2891 animi
2731 2815 3045 2925 vitaeque
3095 2817 3306 2893 ducat
3357 2842 3586 2893 emen-
3661 2913 3663 2915 =

567 2935 916 3011 dationem
935 2992 957 3025 ‚
1006 2934 1147 3032 qufi.
1192 2933 1439 3008 alenda
1484 2958 1565 3009 ac
1611 2936 2029 3034 perficienda
2074 2960 2281 3011 omne
2324 2935 2696 3035 Euangelii
2737 2960 2998 3011 munus
3046 2942 3414 3036 spectatur.

662 3055 821 3129 Hoc
884 3059 1197 3152 superest
1246 3053 1335 3127 A.
1377 3052 1468 3128 A.
1522 3052 1987 3153 Euangelium
2029 3078 2171 3129 non
2217 3053 2600 3129 doctrinam
2645 3053 3088 3131 theoreticam
3134 3062 3258 3130 aut
3302 3055 3587 3155 dogma-

562 3175 770 3251 ticam
790 3232 811 3264 ,
878 3172 1003 3247 sed
1071 3196 1230 3247 vero
1290 3195 1507 3248 novae
1568 3172 1748 3247 vitae
1792 3172 2059 3249 fontem
2104 3199 2183 3249 ac
2230 3172 2722 3271 scaturiginem
2775 3197 2944 3248 esse.
2993 3214 3092 3229 ——
3143 3172 3340 3250 Quid
3376 3174 3590 3271 igitur

563 3292 818 3369 mirum
833 3351 854 3382 ‚
921 3292 983 3365 si
1035 3292 1296 3367 Paulus
1349 3315 1546 3367 suam
1605 3291 1755 3393 ipse
1819 3293 2031 3368 huius
2084 3291 2455 3392 Euangelii
2497 3290 3022 3389 explicationem
3070 3290 3367 3391 simplici
3413 3321 3449 3363 n
3465 3292 3584 3367 In·

572 3411 949 3487 stitutionis
998 3413 1089 3488 ad
1139 3394 1517 3511 pietatem’³
1573 3412 1852 3485 nomine
1896 3411 2181 3497 dixerit,·
2230 3417 2303 3483 et
2344 3418 2582 3483 contra
2621 3434 2738 3483 eos
2775 3411 3060 3507 quidem
3097 3412 3194 3485 sic
3233 3436 3590 3511 nuncupa·-

570 3531 742 3605 verit
780 3554 934 3603 eam
952 3579 975 3619 ,
1024 3552 1199 3626 quos
1244 3528 1653 3627 cognitionis
1694 3528 1879 3601 iusto
1929 3526 2305 3601 subtilioris
2345 3526 2578 3601 studio
2615 3525 2706 3601 ab
2755 3527 2940 3602 illius
2981 3528 3418 3627 simplicitate
3463 3554 3590 3605 suo

565 3649 703 3725 iam
760 3656 1065 3746 tempore
1126 3646 1517 3721 aberrantes
1566 3644 1893 3722 videbat?
1939 3648 2003 3741 ⁸)
2109 3647 2305 3724 Quid
2349 3646 2606 3721 mirum
2625 3703 2646 3736 ,
2697 3645 2758 3719 si
2796 3646 3031 3745 ipsum
3084 3646 3356 3722 divinae
3399 3648 3587 3723 Reli-

562 3768 788 3868 gionis
849 3766 1031 3840 inter
1084 3763 1397 3841 homines
1446 3768 1994 3855 firmamentum,
2042 3792 2183 3841 non
2228 3764 2830 3864 contemplativam
2870 3766 3248 3863 quamdam
3298 3792 3378 3842 ac
3425 3766 3588 3841 sub-

563 3885 759 3961 tilem
824 3884 1214 3959 divinarum
1281 3908 1514 3959 rerum
1572 3884 2041 3984 cognitionem
2104 3908 2253 3959 esse
2306 3884 2740 3984 pronuntiet,
2802 3885 2926 3960 sed
2977 3885 3192 3961 vitam
3239 3893 3546 3962 sanctam
3565 3945 3586 3978 ,

444 4035 449 4048 ·
564 4030 703 4107 qua
717 4064 737 4095 ,
808 4004 1207 4107 quicunque
1267 4003 1529 4079 Christi
1584 4003 1749 4079 velit
1806 4003 2085 4079 nomine
2144 4002 2320 4092 dici,
2366 4004 2534 4102 Ipso
2583 4003 2760 4079 duce
2773 4063 2796 4093 ,
2845 4004 2935 4079 ab
2978 4004 3170 4079 omni
3217 4005 3584 4105 iniquitate

564 4124 871 4199 discedat
910 4127 999 4220 ⁴).
1116 4126 1275 4201 Hoc
1329 4122 1564 4223 ipsum
1581 4180 1603 4213 ,
1670 4120 1986 4198 recedere
2045 4121 2137 4196 ab
2194 4121 2560 4219 iniquitate
2574 4179 2596 4212 ‚
2659 4148 2788 4199 nec
2838 4124 3022 4199 malo
3068 4125 3408 4226 superari,
3459 4124 3583 4201 sed

563 4242 827 4318 malum
870 4245 1135 4319 vincere
1178 4244 1363 4320 bono
1380 4302 1402 4332 ‚
1450 4243 1772 4318 virtutem
1796 4301 1817 4332 ‚
1864 4266 2107 4341 pacem
2154 4249 2227 4316 et
2262 4242 2594 4319 laetitiam
2639 4242 2860 4319 colere
2892 4242 2967 4318 in
3007 4245 3258 4343 spiritu
3303 4249 3575 4319 sancto:

564 4360 693 4436 hoc
740 4363 971 4461 ipsum
1010 4363 1186 4438 dixit
1214 4364 1447 4463 Regni
1482 4362 1699 4439 divini
1730 4360 2135 4462 participem
2166 4386 2317 4437 esse
2337 4364 2427 4457 ὅ).
2525 4364 2630 4441 Eo
2665 4389 2824 4439 vero
2859 4364 3142 4439 consilio
3179 4362 3576 4463 apparuisse

645 4658 699 4732 ¹)
738 4660 809 4718 E.
827 4658 1414 4723 Gr.Mn.xxv111=
1440 4666 1535 4724 19.
1574 4664 1877 4726 IPn-rJI:
1903 4666 2299 4727 22—24.111=
2325 4669 2420 4727 18.
2458 4666 2860 4729 nomm:
2887 4670 2942 4727 9.
2987 4664 3573 4727 nanze-11⁴1.

558 4750 613 4827 ¹)
652 4754 685 4813 1
723 4756 801 4813 ad
840 4758 967 4815 Gor.
1007 4756 1191 4817 x111=
1238 4762 1333 4820 18.
1635 4758 1690 4836 ⁸)
1728 4766 1815 4838 Τῇ
1861 4760 1998 4821 κατ’
2048 4760 2335 4835 εὐσέβειαν
2378 4760 2744 4844 διδασκαλίᾳ.
2829 4762 2864 4823 1
2902 4762 2980 4824 ad
3011 4764 3154 4827 Tm.
3195 4760 3310 4824 VI:
3356 4764 3412 4823 8.
3451 4778 3570 4840 sqq.

559 4850 615 4925 θ)
654 4852 719 4911 11
758 4850 837 4910 ad
869 4851 1011 4913 Tm.
1052 4853 1140 4916 Πε
1189 4856 1282 4915 19.
1523 4856 1578 4933 ⁸)
1614 4858 1695 4921 ad
1726 4861 1885 4920 Rom.
1922 4858 2074 4919 XII:
2120 4861 2215 4921 21.
2252 4856 2428 4919 XIV:
2472 4858 2568 4922 17.
