4967 6217
1297 628 1308 641 “
1391 632 1478 699 3'4
2383 628 2712 697 NICOLAI
2757 626 3220 695 cmus'rlANl
3265 628 3452 693 KIST

1491 830 1704 911 multa
1762 862 1924 911 cura
1979 846 2050 912 et
2110 836 2339 911 labore
2353 894 2374 925 ‚
2443 843 2526 910 ut
2572 837 2837 910 videtur
2850 868 2881 922 ;
2917 860 3083 909 nam
3109 837 3339 931 facile
3386 834 3766 933 apparebat
3808 858 3955 910 eum
4006 834 4414 910 Graecarum

1500 956 1918 1031 Litterarum
1959 959 2315 1057 aliquanto
2341 956 2743 1053 peritiorem
2790 979 2935 1029 esse
2978 980 3179 1055 quam
3224 955 3653 1031 Latinarum.

1402 1073 1590 1149 Huic
1647 1078 1858 1174 iqitur
1893 1076 2278 1173 praemium
2321 1076 2723 1173 decernitur.
2788 1075 3051 1173 Aperta
3089 1066 3404 1150 schedula
3424 1075 3699 1173 prodiit
3736 1098 3971 1150 nomen
4008 1077 4421 1153 umatusimi

2516 1320 2898 1391 GEORGH
2952 1323 3295 1402 mltum,

1799 1469 2134 1529 Litterarum
2175 1466 2583 1529 Humaniorum
2621 1465 2946 1539 candidati,
2987 1442 3326 1545 Theologiae
3363 1464 3607 1527 Studiosi
3640 1465 3703 1525 in
3741 1463 4043 1527 Academia

2659 1568 3182 1647 Lugduno·Batava.

1508 1790 1694 1865 Salvi
1749 1790 1850 1863 mi
1913 1789 2221 1863 Bmmu!
2320 1789 2482 1863 Non
2533 1796 2619 1863 tu
2676 1787 3073 1888 inopinatus
3118 1788 3293 1862 mihi
3333 1812 3408 1863 es
3452 1788 3666 1863 victor
3682 1846 3703 1876 ‚
3753 1787 3859 1861 uti
3904 1812 4035 1862 nee
4074 1786 4425 1886 inopinata

1407 1908 1558 1984 laus
1621 1908 1872 1983 eximia
1897 1967 1916 1995 ,
1985 1933 2125 2007 qua
2193 1908 2302 1981 vel
2363 1908 2589 2007 magis
2638 1914 2711 1981 te
2770 1908 3117 1982 ornavisse
3164 1907 3340 1981 mihi
3385 1907 3658 1981 videtur
3701 1906 4053 1981 Iudicium
4102 1906 4385 1981 Ordinis
4404 1966 4423 1995 ,

1408 2053 1621 2125 quam
1681 2028 1954 2101 decreto
2018 2027 2144 2101 tibi
2158 2085 2179 2116 ,
2249 2027 2440 2127 quod
2496 2052 2685 2102 nunc
2750 2026 2968 2128 Regis
3036 2028 3317 2102 nomine
3372 2025 3623 2125 accipis
3641 2083 3662 2114 ,
3727 2023 4047 2100 victoriae
4103 2025 4424 2125 praemio,

1411 2149 1646 2226 Quare
1701 2171 1831 2245 ego
1887 2148 2137 2235 laetor,
2188 2148 2287 2220 mi
2335 2148 2547 2223 Care!
2600 2146 2790 2221 haud
2838 2148 3174 2227 minorem
3225 2148 3454 2222 inesse
3498 2145 3631 2219 tibi
3672 2146 4050 2221 modestiae
4092 2172 4173 2221 ae
4214 2147 4425 2245 pieta-

1403 2267 1497 2339 tis
1512 2323 1532 2353 ‚
1593 2290 1804 2363 quam
1863 2275 1987 2339 aut
2039 2266 2388 2339 doctrinae
2407 2324 2428 2354 ‚
2489 2274 2613 2341 aut
2665 2266 2929 2365 ingenii
2946 2325 2967 2356 ,
3015 2274 3139 2342 aut
3178 2266 3747 2341 coniecturarum
3788 2264 4277 2363 capiendarum
4323 2290 4425 2339 so-

1409 2384 1647 2459 lertiae
1689 2384 1981 2483 copiam.
2081 2384 2274 2459 Hine
2322 2383 2473 2459 eim
2534 2410 2668 2485 ego
2709 2386 2857 2461 fore
2898 2386 3121 2461 laetus
3164 2410 3469 2485 auguror
3487 2444 3506 2473 ‚
3556 2392 3639 2459 ut
3682 2408 3821 2459 non
3869 2392 4150 2462 tantum
4192 2385 4431 2461 laudes

1409 2512 1567 2577 tuas
1627 2503 1860 2577 animo
1917 2528 2210 2601 semper,
2241 2505 2422 2577 feras
2474 2505 2858 2603 aequabili,
2910 2507 3034 2581 sed
3078 2531 3219 2605 quo
3257 2514 3330 2580 te
3376 2504 3550 2579 vidit
3597 2505 3789 2579 Ordo
3828 2504 4108 2604 ingenio
4150 2512 4391 2579 natum
4408 2564 4429 2593 ,

1417 2630 1499 2695 ut
1555 2622 1727 2720 quid
1781 2622 1854 2693 in
1901 2623 2196 2719 egregiis
2240 2624 2685 2723 scriptoribus
2730 2626 3030 2701 maxime
3076 2626 3168 2699 sit
3211 2624 3571 2725 egregium
3618 2624 3897 2725 penitus
3946 2625 4389 2723 persentisees
4406 2683 4427 2712 ‚

1419 2740 1663 2813 eodem
1723 2748 1792 2814 et
1869 2740 2340 2816 sanctioribus
2363 2800 2384 2831 ‚
2453 2726 2713 2841 quibus
2771 2746 3156 2844 destinatus
3222 2770 3297 2820 es
3314 2804 3335 2835 ‚
3404 2744 3655 2821 Literis
3714 2744 4049 2820 cultorem
4102 2750 4430 2844 perpetuo

1419 2858 1720 2934 maxime
1768 2861 2196 2958 praeclarum
2241 2868 2313 2936 te
2362 2868 2434 2937 et
2475 2863 2814 2941 eximium
2858 2871 3183 2963 praestes,

1943 3336 2416 3413 IUDICIUM
2465 3341 2870 3415 ORDINIS
2916 3340 3903 3419 IURECONSULTORUM.

1433 3574 1620 3645 Ordo
1659 3574 1991 3665 ICtorum
2031 3578 2203 3650 duae
2243 3580 2342 3650 ad
2373 3580 2855 3677 disputandum·
2867 3584 3110 3679 posuit
3135 3584 3557 3682 quaestiones
3577 3639 3599 3672 ‚
3646 3584 3934 3657 alteram
3970 3581 4057 3656 de
4098 3562 4435 3679 Vectigali

1519 3690 1951 3767 Oresundico
1969 3751 1990 3781 ‚
2061 3697 2163 3768 ad
2211 3722 2409 3795 quam
2463 3724 2649 3772 nemo
2697 3704 3043 3797 refflondit
3060 3760 3079 3789 ,
3129 3703 3415 3777 alteram
3460 3702 3552 3777 de
3598 3702 4074 3777 concinnando
4115 3725 4203 3774 ex
4240 3700 4431 3774 Cice·

1519 3810 1706 3883 tonis
1749 3810 2017 3910 scriptis
2064 3813 2436 3912 specimine
2471 3818 3005 3895 Institutionum
3038 3820 3224 3895 Iuris
3262 3821 3501 3896 Civilis
3538 3821 3613 3895 in
3640 3829 3861 3896 artem
3888 3820 4149 3895 redacti
4172 3846 4245 3899 κ.
4270 3846 4339 3895 τ.
4362 3820 4431 3897 λ.

1423 3928 1542 4001 Ad
1589 3954 1788 4027 quam
1847 3957 1984 4005 una
2057 3935 2307 4007 Ordini
2361 3940 2701 4035 responsio
2740 3940 2969 4013 oblata
3009 3948 3115 4014 eet
3150 3943 3271 4016 hoc
3314 3950 3552 4017 notata
3593 3944 3879 4041 ,symbolo
3899 3976 3923 4014 .·
3980 3966 4121 4015 was
4160 3938 4273 4014 ieh
4313 3962 4429 4037 ge·

1517 4048 1744 4135 wollt,
1816 4048 1910 4123 ist
1973 4050 2299 4127 lebliehss’
2430 4056 2505 4129 V
2494 4060 2602 4131 iea
2662 4068 2770 4133 eet
2834 4060 3001 4134 baec
3060 4063 3428 4159 disputatio
3484 4064 3591 4135 ita
3646 4086 3721 4136 se
3788 4086 3916 4135 sua
3984 4060 4469 4141 commendare.

1499 4171 1948 4264 praestantia
1964 4228 1985 4259 ,
2057 4179 2136 4245 ut
2199 4174 2344 4247 eius
2401 4185 2635 4251 auctor
2692 4182 2942 4253 nemini
3000 4205 3133 4254 uon
3190 4182 3457 4255 laudum
3525 4182 3783 4255 aemulo
3838 4181 4106 4253 dubiam
4144 4180 4437 4274 fecisset

1520 4290 1887 4364 victoriam.
2001 4291 2440 4369 Vehementer
2475 4298 2751 4393 placuit
2816 4300 3064 4373 Ordini
3119 4292 3363 4374 idouea
3408 4301 3738 4373 materiae
3787 4301 4173 4373 distributio
4187 4356 4208 4387 ,
4254 4298 4431 4371 iudi-

1519 4409 1721 4479 candi
1779 4409 2062 4483 solertia
2122 4419 2195 4485 et
2249 4438 2493 4513 mayna
2554 4417 2900 4491 doctrinae
2950 4421 3141 4517 copia
3183 4444 3270 4493 eoe
3318 4421 3659 4494 coniuncto
3698 4420 4083 4493 litterarum
4126 4425 4200 4491 et
4240 4416 4435 4491 Iuris
4516 4510 4527 4519 .

1527 4523 1767 4598 Civilis
1809 4531 2030 4601 studio
2075 4532 2433 4631 diliqeuter
2477 4545 2884 4635 comparata.

1428 4640 1656 4719 Quare
1712 4645 1896 4717 Ordo
1931 4672 2062 4721 non
2095 4654 2431 4729 dubitavit
2465 4660 3031 4733 commentationis
3065 4660 3265 4735 huius
3296 4660 3614 4756 scriptori
3634 4659 4013 4757 praemium
4054 4658 4428 4733 decernere.

1415 4758 1798 4859 Resiqnata
1844 4764 2159 4841 schedula
2205 4780 2439 4846 auctor
2482 4782 2793 4871 repertus
2835 4781 2946 4849 est
