4967 6217
1804 701 2356 802 oasrlo.
3469 719 3586 783 ιω

570 915 741 996 §velle
810 921 1121 996 credatis.
1226 917 1639 1016 Simpliciter
1700 921 2031 996 enarrabo
2084 920 2384 995 maxime
2449 919 2920 994 memorabilia
2933 977 2956 1008 ,
3020 943 3199 1018 quae
3253 921 3341 996 de
3396 921 3586 996 Baa-

568 1063 886 1115 Nounmo
946 1039 1120 1112 mihi
1174 1038 1645 1113 innotuerunt.
1743 1039 1887 1114 Vos
1903 1099 1922 1128 ‚
1971 1039 2345 1114 Auditores
2393 1037 2911 1114 humanissimi!
2965 1037 3346 1139 simplicem
3397 1040 3586 1115 illam

568 1159 1065 1234 enarrationem
1117 1156 1465 1232 benevolis
1511 1157 1797 1232 auribus
1844 1157 2219 1258 excipiatis.

664 1397 1027 1472 Laudibus
1089 1421 1255 1472 sane
1310 1393 1717 1470 celebranda
1772 1399 1879 1467 est
1928 1391 2301 1468 liberalitas
2346 1393 2694 1467 Ordinum
2737 1394 3132 1495 Groningae
3179 1406 3250 1471 et
3302 1397 3586 1472 Omlan-

570 1516 724 1589 diae
742 1574 761 1602 ,
830 1541 1049 1614 quum
1110 1515 1395 1590 ineunte
1450 1512 1679 1588 seculo
1742 1511 2008 1586 decimo
2076 1511 2371 1612 septimo
2426 1513 2869 1588 decernerent
2929 1514 3003 1589 in
3059 1515 3361 1616 regionis
3423 1541 3588 1592 suae

565 1634 925 1733 metropoli
970 1633 1185 1708 veluti
1226 1657 1452 1708 arcem
1498 1630 1826 1706 doctrinis
1878 1638 1950 1705 et
1994 1631 2413 1706 humanitati
2458 1632 2760 1708 tuendae
2805 1640 3172 1710 exstruere.
3275 1635 3590 1711 Condere

568 1752 933 1827 voluerunt
970 1753 1311 1852 templum
1342 1750 1666 1826 scientiae
1682 1809 1703 1839 ‚
1739 1750 1905 1825 satis
1939 1751 2249 1850 amplum
2274 1758 2355 1825 ut
2380 1775 2620 1826 omnes
2655 1751 3000 1827 doctrinas
3018 1812 3039 1843 ,
3077 1777 3255 1852 quae
3283 1753 3376 1829 ad
3411 1754 3592 1830 salu-

564 1879 707 1946 tem
746 1870 1165 1973 reipublicae
1215 1878 1287 1945 et
1332 1865 1599 1945 cultum
1637 1869 1900 1969 ingenii
1940 1869 2228 1946 humani
2261 1869 2583 1970 augenda
2623 1870 2764 1944 vim
2810 1869 3178 1962 haberent,
3230 1873 3592 1972 complecti

563 1988 801 2088 possit.
902 1991 1065 2063 Non
1109 1990 1335 2064 solum
1374 1989 1788 2088 theologiam
1804 2047 1825 2078 ,
1874 1988 2485 2088 iurisprudentiam
2504 2048 2525 2079 ,
2574 1989 2915 2065 medicam
2965 1997 3184 2066 artem
3224 1991 3324 2065 ibi
3366 1991 3595 2066 doceri

562 2107 938 2195 iubebant,
1005 2109 1125 2184 sed
1170 2109 1381 2184 etiam
1426 2109 1703 2208 linguas
1750 2115 2011 2184 veteres
2024 2167 2045 2197 ‚
2110 2108 2465 2183 historiam
2484 2165 2506 2198 ,
2569 2107 3094 2184 mathematicas
3158 2109 3554 2210 disciplinas
3571 2169 3589 2197 ,

563 2250 802 2300 omnes
838 2226 1309 2326 philosophiae
1347 2234 1611 2325 partes,
1658 2227 1853 2303 nulla
1888 2227 2250 2327 disciplina
2292 2233 2611 2327 excepta,
2651 2252 2830 2326 quae
2865 2227 2960 2302 in-
2980 2227 3277 2327 publicis
3299 2228 3593 2315 scholis,

562 2344 636 2418 in
691 2343 842 2418 aliis
907 2345 1275 2420 academiis
1294 2402 1315 2435 ,
1372 2345 1748 2421 doceretur.
1871 2348 2107 2424 Quem
2158 2345 2233 2420 in
2278 2347 2492 2419 finem
2542 2345 2680 2419 huc
2731 2369 3101 2419 convocare
3151 2346 3595 2422 decreverunt
3693 2390 3700 2396 ·

562 2463 975 2561 professores
1034 2464 1271 2566 plures
1329 2464 1640 2540 doctrina
1696 2463 2005 2563 insignes
2023 2522 2044 2552 ‚
2095 2470 2167 2538 et
2214 2463 2434 2537 facere
2485 2481 2962 2561 quaecumque
3007 2463 3100 2538 ad
3143 2463 3376 2540 studia
3415 2465 3594 2540 exci-

562 2580 774 2655 tanda
840 2588 913 2655 et
973 2581 1439 2681 promovenda
1496 2583 1837 2669 valerent,
1900 2606 1991 2655 ne
2049 2581 2221 2679 quid
2263 2580 2339 2655 in
2401 2579 2530 2654 hac
2582 2587 2777 2680 parte
2818 2580 3058 2680 pulcro
3107 2605 3235 2656 suo
3273 2582 3597 2659 instituto

564 2700 853 2776 deesset.
922 2700 1125 2773 -Viri
1193 2708 1431 2774 autem
1511 2698 1870 2799 generosi,
1942 2699 2065 2798 qui
2131 2698 2580 2774 decreverunt
2656 2699 2772 2773 hic
2839 2699 3182 2777 instruere
3255 2702 3557 2778 scholam
3571 2763 3590 2792 ,

564 2844 743 2917 quae
789 2817 1255 2892 universitatis
1295 2818 1575 2918 nomine
1616 2817 1831 2918 digna
1870 2824 2055 2893 esset
2069 2877 2090 2907 ‚
2142 2822 2596 2919 susceperunt
2633 2817 2708 2891 in
2746 2842 2819 2892 se
2865 2818 3172 2896 laborem
3211 2820 3594 2920 graviorem

565 2947 637 3011 et
706 2935 1154 3012 difficiliorem
1168 2996 1189 3026 ‚
1258 2961 1471 3036 quam
1536 2938 1673 3038 ipsi
1730 2945 1933 3013 antea
1977 2938 2303 3014 videntur
2348 2961 2500 3013 esse
2551 2935 2833 3036 opinati.
2932 2937 3141 3013 Brevi
3189 2940 3420 3039 patuit
3473 2955 3595 3016 sex

562 3054 921 3130 cathedras
938 3112 958 3142 ‚
1032 3081 1205 3154 quas
1276 3055 1501 3155 primo
1562 3063 1953 3147 erexerant,
2022 3065 2388 3158 occupatas
2446 3057 2610 3133 licet
2665 3081 2708 3130 a
2772 3055 2938 3132 viris
2989 3057 3336 3135 doctrinae
3388 3059 3592 3135 laude

561 3173 759 3250 claris
774 3232 795 3263 ,
863 3197 1005 3248 non
1071 3175 1397 3250 sufficere.
1496 3175 1746 3276 Itaque
1812 3176 2210 3252 docentium
2266 3201 2602 3253 numerus
2667 3175 2922 3251 sensim
2989 3179 3412 3278 augebatur;
3474 3205 3590 3254 ex-

561 3298 769 3368 eunte
842 3291 964 3367 illo
1040 3293 1270 3368 seculo
1315 3317 1565 3369 novem
1622 3296 1767 3370 iam
1820 3294 2106 3369 fuerunt
2157 3295 2593 3395 professores.
2719 3295 2948 3370 Simul
3013 3319 3174 3370 vero
3245 3297 3592 3372 doctrinae

560 3410 751 3509 ipsae
804 3434 946 3485 non
990 3411 1225 3486 minus
1273 3413 1581 3487 celeriter
1633 3413 2056 3487 incrementa
2096 3419 2463 3512 ceperunt;
2522 3413 2622 3487 ita
2669 3420 2753 3486 ut
2803 3413 3154 3490 academia
3195 3422 3430 3491 nostra
3475 3415 3596 3492 illo

562 3537 908 3629 tempore,
974 3555 1194 3630 aeque
1254 3531 1489 3604 minus
1558 3557 1637 3606 ac
1696 3556 1863 3606 cum
1919 3531 2365 3620 conderetur,
2426 3537 2611 3606 esset
2654 3531 3068 3608 universitas
3103 3533 3179 3608 in
3227 3560 3384 3663 qua·
3416 3535 3592 3611 nihil

563 3648 1087 3726 desideraretur.
1189 3651 1341 3724 Nec
1408 3657 1643 3724 tamen
1701 3650 1969 3738 famae,
2040 3673 2249 3748 quam
2296 3649 2432 3725 sibi
2478 3656 2877 3749 paraverat,
2924 3650 3003 3725 id
3053 3653 3348 3742 offecit3
3368 3679 3590 3754 quum

562 3791 907 3866 perpauca
964 3768 1176 3843 huius
1234 3769 1507 3869 generis
1568 3769 1931 3857 instituta,
1989 3775 2140 3843 tum
2184 3775 2397 3843 extra
2462 3775 2618 3844 tum
2657 3769 2842 3845 intra
2891 3771 3187 3912 patriam
3239 3781 3583 3862 nostram,

561 3887 679 3961 illo
728 3893 1037 3987 tempore
1082 3888 1340 3964 maiore
1388 3888 1785 3964 docentium
1832 3887 2029 3987 copia
2073 3888 2478 3986 gauderent.

660 4007 888 4081 Facile
920 4007 1404 4107 intelligimus,
1446 4033 1587 4082 non
1624 4031 1865 4082 omnes
1903 4005 2303 4080 doctrinas
2279 4030 2355 4080 m
2392 4005 2714 4082 instituto
2732 4067 2753 4097 ‚
2801 4009 2876 4083 in
2916 4035 3056 4110 quo
3095 4035 3332 4088 earum
3364 4017 3582 4090 cultui

564 4124 769 4223 pauci
829 4133 1107 4200 tantum
1176 4127 1485 4202 doctores
1541 4134 1773 4201 essent
1828 4124 2155 4200 destinati
2172 4183 2193 4214 ,
2256 4126 2515 4225 pariter
2573 4127 2887 4204 floruisse
2903 4188 2924 4218 ,
2991 4133 3162 4230 quin
3217 4135 3584 4208 nonnullas

550 4228 784 4342 'paene
843 4245 1191 4343 neglectas
1254 4269 1425 4323 esse.
1545 4247 1671 4320 Me
1729 4244 2013 4345 quidem
2076 4245 2308 4322 iudice
2325 4304 2346 4334 ‚
2416 4245 2534 4320 illo
2594 4272 2762 4322 aevo
2829 4248 3180 4350 theologia
3249 4261 3321 4326 et
3380 4253 3580 4327 iuris-

568 4361 939 4461 prudentia
1006 4364 1165 4463 plus
1217 4365 1337 4441 hic
1397 4365 1623 4439 cultae
1690 4372 1855 4438 sunt
1912 4389 2125 4464 quam
2183 4365 2490 4465 reliquae
2557 4366 2974 4466 disciplinae.
3087 4370 3272 4445 Raro
3335 4370 3581 4450 harum
3661 4369 3681 4386 ⁹

569 4480 801 4579 aliqua
850 4481 1133 4578 (loquor
1180 4483 1269 4558 de
1318 4483 1585 4559 medica
1634 4483 1995 4584 disciplina
2040 4484 2300 4583 iisque,
2353 4509 2532 4584 quae
2577 4486 2998 4561 coniunctim
3048 4488 3140 4562 ad
3183 4488 3580 4566 facultatem

570 4599 1113 4699 philosophicam
1172 4602 1407 4676 referri
1472 4601 1865 4694 solebant),
1930 4603 2277 4692 doctorem
2350 4603 2600 4679 habuit
2660 4605 2794 4680 sibi
2861 4607 3233 4705 proprium.
3351 4610 3583 4711 Vulgo

570 4742 733 4794 cum
778 4719 928 4793 aliis
974 4719 1607 4819 coniungebantur3
1656 4721 1755 4794 ita
1807 4728 1887 4794 ut
1933 4720 2281 4796 interdum
2325 4722 2506 4798 duae
2556 4723 2870 4822 pluresve
2919 4724 3318 4825 disciplinae
3366 4728 3584 4802 diver-

570 4823 879 4914 sissimae
930 4839 1052 4913 uni
1099 4837 1518 4938 praeceptori
1568 4839 1914 4915 docendae
1962 4840 2469 4917 mandarentur.
