4967 6217
1775 704 2332 775 ORATIO.
3488 710 3571 774 6⁷

543 938 704 989 nem
766 922 838 987 et
896 912 1250 987 vinculum
1269 966 1292 997 ,
1340 934 1478 1007 quo
1537 910 1978 1010 colligantur,
2029 913 2308 1011 penitus
2357 908 2791 1011 perspiciant.
2891 912 3042 987 Nec
3100 912 3289 1029 enim
3330 914 3563 987 multi-

389 1028 394 1035 ’
539 1035 738 1134 plicis
777 1033 1138 1131 variaeque
1179 1030 1528 1105 doctrinae
1557 1031 1928 1129 jactatores
1973 1043 2138 1107 sunt
2151 1068 2172 1121 ;
2221 1033 2350 1107 hoc
2388 1033 2699 1130 ipsorum
2737 1032 3091 1129 proprium
3134 1039 3278 1121 est,
3324 1058 3564 1109 omnes

541 1156 694 1229 illas
744 1152 1136 1252 disciplinas
1181 1150 1272 1225 ad
1314 1150 1480 1223 artis
1523 1151 1874 1247 perpetuis
1920 1152 2299 1249 praeceptis
2347 1152 2701 1225 ordinatae
2754 1152 3043 1225 modum
3084 1176 3394 1241 revocare
3413 1211 3434 1241 ‚
3484 1160 3567 1227 ut

539 1298 696 1349 eam
733 1272 806 1347 in
848 1280 994 1345 toto
1036 1269 1300 1343 mundo
1339 1267 1602 1364 ubique
1639 1268 2028 1366 intelligant
2066 1268 2651 1343 continuationem
2694 1270 3077 1368 seriemque
3110 1296 3377 1360 rerum,
3428 1296 3569 1369 qua

539 1392 677 1467 alia
715 1416 802 1465 ex
845 1390 980 1464 alia
1017 1414 1196 1462 nexa
1215 1445 1236 1473 ,
1285 1392 1358 1460 et
1397 1408 1638 1459 omnes
1679 1386 1862 1459 inter
1901 1411 1973 1459 se
2013 1392 2214 1485 aptae
2257 1386 2752 1484 colligataeque
2796 1389 3131 1463 videntur.
3232 1392 3570 1489 Exemplo

541 1536 692 1585 rem
725 1510 1125 1584 confirmare
1169 1506 1392 1580 liceat.
1493 1506 1570 1579 Si
1611 1506 1768 1604 quis
1810 1506 1982 1581 adeo
2023 1506 2338 1581 eruditus
2385 1514 2490 1579 est
2508 1565 2528 1593 ‚
2581 1515 2663 1581 ut
2704 1507 2875 1613 quid
2920 1508 3305 1583 humanum
3344 1534 3568 1607 genus

540 1632 844 1729 primum
883 1628 956 1701 in
995 1626 1372 1725 religione,
1421 1632 1575 1701 tum
1621 1627 1694 1701 in
1744 1626 1926 1701 civili
1973 1626 2270 1714 ratione,
2335 1626 2586 1720 deinde
2653 1626 2727 1699 in
2791 1626 3074 1714 litteris,
3138 1628 3423 1701 tandem
3492 1630 3565 1703 in

537 1749 802 1823 artibus
817 1804 840 1834 ,
887 1746 1029 1819 sive
1074 1742 1382 1819 honestis
1395 1802 1418 1832 ‚
1495 1746 1636 1821 sive
1693 1747 1984 1823 sordidis
2004 1804 2028 1834 ,
2083 1746 2444 1845 profecerit
2461 1805 2480 1834 ‚
2542 1753 2856 1819 accurate
2910 1745 3130 1843 possit
3190 1745 3525 1844 explicare
3546 1806 3564 1835 ,

539 1892 676 1941 non
721 1867 780 1940 is
830 1890 985 1939 sum
1007 1924 1026 1953 ,
1077 1865 1200 1962 qui
1239 1864 1314 1936 in
1362 1888 1444 1937 eo
1493 1889 1688 1964 spem
1730 1866 1970 1939 salutis
2009 1890 2283 1963 ponam.
2387 1866 2511 1937 Sin
2553 1864 2785 1938 a'utem
2833 1865 3139 1962 plurium
3178 1863 3567 1962 disciplina-

537 2011 692 2063 rum
715 1985 1194 2082 variarumque
1219 1984 1686 2079 eruditionum
1713 1994 2115 2093 ornamento
2143 1985 2554 2061 acerrimum
2573 1985 2881 2084 junxerit
2916 1993 2988 2059 et
3031 1985 3567 2059 subtilissimum

533 2105 872 2205 judicium
897 2164 917 2193 ‚
966 2112 1046 2179 ut
1087 2110 1320 2179 tantae
1360 2105 1562 2178 molis
1607 2130 1823 2203 capax
1859 2106 1986 2193 sit,
2037 2112 2108 2177 et
2143 2105 2549 2205 religionem
2570 2163 2588 2193 ,
2639 2106 2977 2179 rationem
3020 2103 3290 2178 civilem
3315 2163 3333 2191 ,
3383 2104 3565 2179 litte-

538 2251 648 2301 ras
665 2285 684 2314 ,
757 2232 936 2299 artes
1001 2223 1300 2319 denique
1374 2221 1684 2297 liberales
1755 2232 1825 2297 et
1900 2232 2346 2322 quaestuosas
2366 2284 2386 2313 ,
2457 2223 2839 2299 arctissimo
2901 2224 3084 2297 inter
3152 2248 3225 2297 se
3297 2224 3569 2299 vinculo

535 2345 892 2419 cohaerere
941 2342 1077 2415 sibi
1113 2366 1520 2439 persuasum
1559 2342 1845 2431 habeat;
1897 2343 2004 2419 sin
2053 2344 2314 2443 ubique
2359 2345 2432 2417 in
2475 2369 2709 2417 rerum
2758 2342 3239 2417 consecutione
3289 2344 3569 2419 easdem

533 2464 924 2539 observatas
985 2462 1230 2537 viderit
1279 2462 1466 2561 leges
1486 2521 1506 2549 ‚
1560 2448 1852 2537 eandem
1895 2487 2208 2537 normam
2225 2522 2245 2551 ‚
2297 2463 2569 2538 etiamsi
2626 2462 2967 2536 distinctis
3032 2463 3563 2560 progrediantur

537 2586 670 2658 viis
703 2590 775 2657 et
819 2583 909 2657 ad
954 2582 1256 2657 diversos
1291 2582 1466 2657 fines
1506 2581 1820 2657 homines
1861 2583 2187 2669 tendant,
2237 2589 2392 2655 tum
2437 2582 2585 2655 sine
2632 2580 2845 2655 dubio
2895 2582 2955 2655 is
3002 2588 3143 2669 est,
3195 2581 3319 2678 qui
3362 2581 3567 2655 nobis

535 2728 928 2778 succurrere
987 2708 1059 2774 et
1105 2726 1192 2775 ex
1247 2700 1588 2799 angustiis
1629 2699 2058 2799 singularum
2106 2702 2573 2776 doctrinarum
2620 2724 2747 2773 nos
2794 2699 3052 2797 eripere
3098 2700 3337 2797 possit.

630 2824 720 2896 In
781 2822 903 2907 iis,
984 2844 1162 2918 quae
1229 2819 1316 2917 de
1377 2843 1609 2894 rerum
1681 2830 1928 2895 natura
2001 2814 2480 2919 disputantur,
2554 2820 2785 2917 plures
2848 2819 2996 2917 jam
3059 2818 3290 2892 conati
3366 2828 3565 2905 sunt,

534 2941 836 3014 diversas
879 2952 1115 3013 eorum
1157 2946 1386 3037 partes
1424 2939 1500 3012 in
1541 2964 1787 3038 corpus
1830 2940 2140 3039 redigere
2160 2998 2180 3027 ‚
2230 2948 2301 3014 et
2343 2939 2418 3014 in
2474 2937 2803 3014 omnibus
2860 2944 3149 3012 naturae
3199 2937 3566 3037 provinciis

534 3066 799 3133 certum
855 3066 925 3132 et
969 3056 1476 3131 immutabilem
1526 3059 1837 3134 ordinem
1855 3118 1875 3148 ,
1945 3059 2372 3135 inviolabiles
2438 3060 2627 3157 leges
2692 3064 2764 3131 et
2807 3057 3217 3131 continuum
3286 3054 3377 3129 ab
3429 3082 3569 3130 uno

533 3178 756 3275 gradu
795 3177 886 3251 ad
925 3178 1218 3251 alterum
1259 3201 1699 3276 progressum
1749 3188 2148 3255 monstrare.
2247 3180 2393 3253 Alii
2436 3178 2527 3253 ab
2566 3177 2728 3251 imis
2775 3176 2973 3263 inde,
3026 3198 3203 3273 quae
3252 3174 3327 3247 in
3370 3176 3569 3249 terris

535 3299 876 3385 existunt,
925 3295 1324 3395 corporibus
1371 3322 1596 3395 usque
1645 3298 1736 3373 ad
1782 3298 2134 3373 hominem
2155 3358 2174 3386 ‚
2222 3300 2388 3373 vita'
2418 3322 2497 3371 ac
2542 3297 2808 3369 ratione
2862 3294 3255 3393 praeditum
3276 3352 3295 3380 ,
3348 3318 3569 3368 unum

535 3442 686 3491 esse
725 3418 914 3490 nulla
954 3442 1028 3489 re
1069 3417 1538 3514 interruptum
1574 3425 1915 3503 tenorem,
1961 3418 2037 3490 in
2082 3442 2220 3514 quo
2262 3416 2434 3489 nihil
2475 3415 2758 3489 omnino
2799 3414 3225 3489 desideratur
3241 3470 3261 3499 ,
3310 3416 3570 3511 perspi-

535 3535 686 3607 cuis
728 3534 1179 3607 ostenderunt
1225 3535 1673 3632 argumentis.
1771 3534 1916 3609 Alii
1976 3536 2049 3609 in
2108 3537 2416 3635 ipsarum
2467 3542 2806 3608 terrarum
2862 3532 3365 3606 mutationibus
3430 3534 3571 3606 sive

537 3678 1192 3751 μπαμορφωσεων
1239 3653 1408 3725 serie
1453 3654 1751 3727 eundem
1799 3654 2238 3728 observatum
2283 3654 2523 3728 vident
2576 3653 2889 3727 ordinem
2912 3711 2932 3740 ,
2983 3677 3193 3749 quem
3251 3653 3326 3726 in
3380 3654 3565 3726 inco-

537 3774 762 3846 larum
799 3770 1304 3845 mutationibus
1355 3772 1798 3870 perspiciunt.
1896 3773 2038 3847 Alii
2076 3774 2374 3872 denique
2389 3833 2409 3862 ,
2459 3781 2533 3848 et
2579 3773 2897 3847 sensibus
2948 3780 3018 3846 et
3066 3772 3295 3845 animo
3339 3779 3565 3846 totum

537 3894 722 3967 hunc
763 3916 1062 3984 κοσμον
1107 3890 1560 3989 percipientes
1599 3900 1808 3991 atque
1855 3892 2509 3990 comprehendentes
2529 3952 2548 3981 ‚
2598 3894 2887 3968 eandem
2942 3891 3205 3989 ubique
3256 3891 3563 3965 fabulam

537 4012 652 4111 agi
673 4070 692 4099 ‚
739 4010 938 4109 cujus
977 4035 1104 4083 nec
1145 4009 1416 4107 primus
1455 4020 1650 4085 actus
1691 4038 1817 4087 nec
1870 4020 2218 4087 extremus
2260 4038 2301 4087 a
2341 4020 2544 4110 poeta
2601 4014 2957 4112 neglectus
3006 4021 3145 4099 est,
3194 4012 3563 4109 omniaque

537 4153 766 4202 rerum
811 4151 1063 4225 genera
1082 4186 1100 4213 ,
1151 4128 1409 4224 quibus
1451 4129 1788 4225 plurimae
1821 4138 2244 4229 occupantur
2291 4131 2691 4231 disciplinae
2710 4192 2727 4221 ,
2780 4132 3025 4205 iisdem
3077 4131 3349 4230 legibus
3398 4132 3563 4205 sub·
3594 4128 3601 4134 ’

533 4249 716 4344 jecta
763 4270 910 4319 esse
969 4247 1236 4320 docent.
1337 4247 1466 4320 Est
1513 4248 1794 4336 horum,
1845 4249 1918 4321 ni
1973 4249 2200 4339 fallor,
2248 4249 2528 4350 ingenio
2594 4251 3082 4336 tribuendum,
3130 4275 3269 4323 non
3334 4258 3563 4347 partes

539 4372 858 4451 naturae,
909 4364 1031 4437 sed
1069 4364 1294 4461 ipsam
1338 4365 1539 4439 nobis
1575 4368 1924 4465 cognitam
1972 4393 2123 4443 esse
2169 4377 2511 4444 naturam.

563 4542 570 4551 .
638 4484 792 4557 Nec
829 4482 900 4555 in
945 4482 1316 4557 moralibus
1367 4484 1742 4583 disciplinis
1799 4487 2089 4574 desunt,
2139 4488 2264 4585 qui
2312 4514 2591 4588 operam
2652 4490 2823 4563 dant
2840 4548 2859 4575 ,
2931 4497 3013 4561 ut
3068 4512 3183 4561 eas
3240 4487 3563 4586 colligent

541 4612 749 4701 atque
826 4600 1112 4675 artificio
1185 4610 1256 4674 et
1327 4604 1435 4677 via
1513 4604 1810 4679 tradant.
1907 4606 2326 4681 Litterarum
2399 4609 2587 4683 enim
2664 4607 3018 4681 historiam
3092 4607 3422 4705 conjungi
3491 4618 3561 4679 et

539 4720 858 4819 componi
901 4720 1211 4795 videmus
1255 4747 1416 4797 cum
1468 4725 1753 4813 artium,
1806 4727 2311 4826 φυσιολογιας
2330 4786 2348 4815 ,
2412 4728 2623 4825 juris,
2686 4727 2901 4802 civilis
2959 4727 3276 4816 rationiS,
3342 4729 3561 4826 ipsius

543 4840 890 4940 religionis
936 4840 1236 4915 historia.
1339 4842 1779 4919 Publicarum
1827 4844 2030 4921 etiam
2075 4870 2304 4921 rerum
2342 4846 2877 4938 vicissitudines,
2930 4871 3225 4946 quarum
3268 4850 3567 4947 cognitio

3074 4972 3117 5041 9
3142 4968 3181 5013 s
