4967 6217
1812 741 2367 814 ORATIO.
3479 747 3603 818 115

566 963 923 1052 tamquam
989 953 1081 1029 ad
1141 953 1520 1054 principem
1580 954 1967 1029 matheseos
2034 957 2481 1055 magistrum3
2555 981 2593 1028 e
2657 957 2825 1055 quib
2833 981 2914 1030 us
2975 957 3102 1031 viri
3155 957 3364 1033 etiam
3412 959 3604 1034 fuere

568 1077 707 1149 iam
765 1074 1002 1173 magni
1050 1074 1351 1150 nominis
1398 1082 1469 1148 et
1522 1073 1871 1149 doctrinae
1917 1075 2121 1150 laude
2169 1076 2357 1151 clari.
2458 1075 2602 1150 Ubi
2656 1076 3020 1152 cathedrae
3069 1086 3398 1151 vacarunt
3453 1103 3598 1153 ma·

568 1194 974 1269 thematicae
992 1253 1011 1284 ,
1072 1195 1535 1269 Branourmr
1584 1193 1941 1293 discipulis
1981 1219 2145 1293 prae
2192 1195 2475 1293 reliquis
2527 1195 3047 1284 obferebantur3
3099 1197 3310 1271 etiam
3359 1199 3598 1283 acade-

568 1313 749 1389 miae
790 1313 1333 1390 Nederlandicae
1376 1312 1789 1411 professores
1838 1339 1925 1388 ex
1972 1313 2159 1388 illius
2206 1314 2455 1389 scholis
2503 1326 2912 1414 acceperunt
2959 1318 3310 1416 egregios:
3367 1326 3600 1392 nostra

566 1458 663 1509 nn
712 1437 1024 1510 Cnosnr
1049 1492 1069 1522 ,
1131 1435 1663 1530 Franequerana
1706 1434 2114 1510 ΚὸΝῐοῐυΜ.
2216 1435 2409 1514 Quin
2464 1435 2661 1510 citari
2707 1444 3000 1534 possunt
3055 1461 3094 1510 e
3134 1437 3598 1512 ΒΕηΝουωαῐ

567 1556 921 1654 discipulis
942 1613 962 1642 ‚
1068 1554 1192 1652 qui
1270 1553 1381 1627 vel
1466 1553 1795 1628 maiorem
1884 1554 1991 1629 his
2089 1555 2347 1630 famam
2438 1550 2570 1629 sibi
2663 1553 3190 1653 acquisiverint,
3291 1557 3598 1631 Kouma

566 1675 1065 1750 commilitones
1132 1673 1745 1750 Maurnnrursms
1822 1683 1894 1749 et
1969 1676 2411 1752 Careamus
2434 1734 2454 1763 ,
2529 1699 2826 1774 quorum
2892 1675 3004 1750 hic
3067 1676 3372 1752 Gallicae
3395 1735 3414 1764 ,
3483 1677 3596 1752 ille

562 1793 967 1869 Borussicae
1044 1791 1435 1869 academiae
1509 1793 1723 1866 decus
1794 1792 1951 1868 fuit.
2082 1795 2264 1868 Tum
2360 1793 2765 1867 Caesianus
2793 1851 2813 1881 ,
2889 1792 3298 1870 Humana
3320 1854 3340 1882 ‚
3421 1795 3468 1866 J
3471 1809 3594 1868 ont

562 1916 991 1988 Gnssn'naus
1059 1919 1131 1986 et
1192 1911 1493 1986 maxime
1562 1913 1971 2011 scriptorum
2028 1913 2525 1988 immortalium
2578 1937 2871 2011 magnae
2924 1915 3161 2012 copiae
3209 1923 3447 1989 auctor
3491 1939 3596 1988 sa·

561 2033 970 2132 gacissimus
1025 2032 1471 2107 Lnonannus
1517 2031 1863 2107 Emmaus
1887 2091 1907 2122 ,
1956 2031 2400 2121 Basiliensis‚
2451 2031 2613 2130 qui,
2661 2031 2976 2130 magistri
3023 2031 3115 2107 ad
3169 2033 3596 2131 exemplum,

560 2177 684 2252 per
727 2153 968 2227 decem
1007 2151 1226 2227 lustra
1266 2159 1427 2226 ante
1460 2151 1629 2225 alios
1670 2177 1910 2228 omnes
1949 2154 2145 2228 auxit
2178 2140 2618 2252 excoluitque
2659 2151 2970 2250 analysin
3013 2151 3592 2258 mathematicam.

496 2361 499 2364 .
559 2273 871 2348 Tandem
938 2271 1074 2346 cito
1138 2279 1279 2346 tres
1340 2271 1521 2345 filios
1574 2272 2051 2348 Bnrmounmr
2118 2273 2339 2373 ipsius
2358 2331 2378 2361 ,
2464 2272 2591 2370 qui
2673 2293 2906 2346 amore
2965 2270 3350 2344 matheseos
3411 2273 3594 2369 patri

559 2399 721 2465 sunt
784 2388 1277 2489 aequiparandi
1334 2411 1635 2486 cumque
1706 2413 1789 2463 eo
1844 2389 2107 2488 ingenii
2158 2389 2475 2464 acumine
2529 2389 2964 2464 contendisse
3009 2391 3336 2464 censendi
3383 2400 3588 2465 sunt:

556 2515 993 2600 Nrcomtm,
1063 2511 1463 2584 Damnum
1523 2518 1595 2584 et
1638 2509 2039 2582 IOHANNEM
2098 2509 2644 2583 Beanounnnm
2668 2565 2687 2596 ,
2754 2531 3051 2604 quorum
3122 2509 3382 2608 priores
3452 2512 3594 2584 duo

554 2634 855 2731 collegae
923 2630 1141 2730 patris
1206 2629 1491 2703 fuerunt
1560 2627 1635 2700 in
1698 2627 2051 2702 academia
2113 2628 2627 2727 Petropolitana
2641 2685 2660 2716 ,
2725 2627 2973 2700 tertius
3030 2651 3190 2702 vero
3245 2654 3595 2706 successor

556 2753 620 2826 ei
682 2752 821 2824 fuit
878 2751 952 2823 in
1020 2748 1345 2824 cathedra
1392 2746 1779 2822 Basiliensi.
1877 2746 2007 2820 Vir
2038 2747 2331 2844 'quidem
2350 2807 2369 2836 ‚
2420 2745 2622 2821 cuius
2670 2746 2993 2845 discipuli
3035 2773 3592 2848 quaquavorsum

556 2871 847 2968 dispersi
904 2891 1029 2967 per
1076 2867 1427 2968 Europam
1450 2924 1474 2956 ‚
1539 2889 1979 2965 quocumque
2034 2866 2217 2942 irent
2232 2925 2251 2956 ,
2300 2867 2608 2954 fuerunt,
2633 2873 3095 2941 antecessores
3155 2868 3227 2942 in
3287 2868 3590 2969 discipli·

555 3015 802 3064 narum
849 2988 1047 3064 cultu
1064 3045 1083 3076 ‚
1134 3011 1301 3062 sane
1346 3010 1489 3060 non
1528 2985 1785 3061 frustra
1828 2985 2203 3062 elaboravit
2245 2993 2317 3061 et
2360 2985 2598 3065 docuit
2612 3019 2631 3075 ;
2684 3009 2824 3063 non
2863 2985 2998 3062 sibi
3043 2987 3169 3062 soli
3211 2987 3416 3078 vixit,
3471 2991 3594 3064 sed

556 3119 626 3185 et
676 3133 839 3183 suae
886 3105 1133 3183 aetatis
1180 3105 1581 3181 hominibus
1625 3105 1887 3205 profuit
1934 3113 2007 3180 et
2051 3107 2365 3205 posteris.

647 3229 1193 3303 Baanounmuu
1262 3233 1499 3301 autem
1569 3225 1861 3299 ductum
1930 3223 2145 3300 fuisse
2218 3225 2451 3299 studio
2515 3222 2808 3299 aliorum
2875 3224 3081 3299 saluti
3132 3227 3546 3302 inserviendi
3569 3287 3590 3316 ‚

552 3355 895 3422 testantur
961 3346 1199 3421 literae
1256 3345 1329 3418 in
1401 3344 1661 3442 quibus
1732 3344 2060 3418 intimum
2126 3343 2341 3418 animi
2402 3365 2688 3416 sensum
2735 3342 3000 3424 amicis
3064 3346 3307 3443 aperit.
3429 3347 3582 3420 Iam

554 3464 949 3568 adolescens
1038 3463 1333 3540 sensisse
1390 3462 1699 3536 ‘videtur
1764 3461 2123 3537 veritatem
2190 3462 2403 3537 hanc:
2478 3485 2598 3536 eos
2665 3461 2792 3559 qui
2856 3463 3080 3565 multa
3157 3462 3587 3564 acceperint,
3675 3457 3688 3468 “

552 3561 933 3660 multorum
994 3583 1271 3658 illorum
1334 3579 1635 3656 rationes
1704 3581 1991 3657 reddere
2060 3581 2333 3658 debere.
2448 3582 2724 3679 Nempe
2789 3589 2872 3655 ut
2929 3582 3214 3658 titulum
3271 3581 3588 3684 magistri

551 3705 805 3778 artium
880 3709 952 3778 et
1032 3697 1503 3802 philosophiae
1566 3699 2063 3799 adipisceretur
2134 3725 2351 3777 annos
2419 3699 2900 3798 duodeviginti
2963 3711 3218 3792 natus,
3291 3705 3586 3779 confecit

552 3823 919 3921 scriptum,
990 3821 1065 3900 in
1127 3843 1275 3919 quo
1340 3820 1747 3897 sententiam
1822 3821 2154 3920 explicuit
2217 3822 2435 3897 hanc:
2493 3822 2848 3918 principes
2908 3823 2984 3894 in
3041 3824 3240 3898 rebus
3287 3825 3586 3923 public-w

552 3944 739 4015 nasci
798 3943 875 4014 in
945 3939 1339 4016 commodum
1382 3941 1637 4036 populi.
1754 3939 1918 4037 Ipse
1986 3962 2145 4012 vero
2204 3939 2388 4012 inter
2446 3937 2754 4012 eruditos
2807 3939 3028 4015 instar
3066 3942 3397 4041 principis
3443 3943 3580 4017 fuit

552 4059 1033 4158 potentissimi.
1148 4057 1365 4132 Hunc
1418 4065 1653 4131 autem
1716 4057 1945 4131 locum
2006 4081 2145 4132 non
2208 4055 2453 4131 debuit
2508 4056 2858 4132 doctrinae
2903 4083 3068 4134 suae
3115 4060 3348 4159 copiae
3369 4119 3389 4149 ,
3440 4086 3578 4135 non

554 4179 763 4252 rebus
828 4179 919 4253 ab
981 4179 1133 4254 aliis
1185 4176 1483 4276 acceptis
1502 4233 1522 4266 ,
1586 4177 1711 4251 sed
1763 4175 2055 4276 propriis
2102 4176 2249 4254 suis
2294 4176 2556 4252 viribus
2574 4235 2595 4264 ‚
2641 4177 2906 4276 ingenii
2949 4179 3058 4252 sui
3099 4179 3576 4278 praestantiae.

554 4299 787 4371 Novas
850 4297 995 4371 vias
1054 4296 1456 4395 disciplinae
1514 4319 1682 4370 suae
1742 4304 2045 4372 sternere
2058 4356 2078 4385 ,
2140 4321 2353 4372 novas
2408 4296 2724 4396 regiones
2783 4297 2856 4370 in
2908 4299 3375 4372 doctrinarum
3413 4297 3580 4372 orbe

556 4416 877 4515 detegere
948 4439 1201 4514 easque
1264 4413 1399 4490 sibi
1450 4414 1859 4496 submittere
1898 4415 2188 4492 volebat.
2292 4416 2485 4495 Quin
2529 4439 2740 4515 quam
2783 4415 3074 4490 senserit
3114 4418 3264 4516 ipse
3299 4417 3582 4492 insitam

552 4535 742 4609 illam
820 4536 895 4608 in
974 4559 1051 4610 se
1128 4535 1525 4608 inveniendi
1590 4535 1729 4610 vim
1746 4593 1767 4624 ,
1838 4536 2099 4635 optime
2168 4535 2594 4635 perspicietis
2661 4536 2786 4609 ubi
2851 4537 3086 4636 ipsum
3154 4535 3578 4612 audiveritis.

496 4727 499 4730 ,
558 4685 593 4722 n
616 4657 845 4754 Aegre
862 4713 882 4742 ,
930 4654 1161 4753 inquit
1180 4711 1201 4742 ‚
1250 4653 1431 4727 feror
1488 4651 1581 4727 ad
1636 4654 2037 4729 diuturnam
2098 4655 2461 4730 lectionem
2515 4654 2845 4728 librorum
2870 4713 2890 4742 ‚
2955 4656 3047 4730 ad
3095 4655 3538 4733 scribendum
3561 4715 3578 4744 ,

558 4803 593 4844 n
617 4775 710 4850 ad
756 4774 1238 4850 calculandum
1257 4831 1277 4862 ,
1328 4770 1537 4846 verbo
1572 4772 1663 4846 ad
1700 4772 1935 4849 omnia
1957 4831 1977 4864 ,
2027 4797 2205 4874 quae
2236 4797 2488 4873 corpus
2519 4782 2590 4848 et
2625 4773 2941 4872 inprimis
2981 4777 3214 4851 oculos
3257 4777 3574 4876 fatigant.

560 4925 595 4963 n
616 4894 731 4968 Ob
764 4895 943 4974 hanc
986 4893 1323 4974 rationem
1368 4915 1625 4991 paucos
1654 4894 1936 4970 omnino
1966 4895 2183 4970 evolvi
2214 4893 2536 4969 authores
2555 4949 2574 4982 ,
2615 4893 2758 4968 imo
2791 4917 2882 4969 ne
2909 4896 3194 4994 quidem
3229 4897 3581 4972 CAnrnsn

3045 5019 3201 5090 15*
