4967 6217
1722 716 2273 785 onArro.
2693 683 2703 692 ’
3446 722 3531 789 ω

1400 957 1773 1027 IACOBUS
1823 958 2270 1027 ANTONIUS
2324 958 2639 1035 FRUINo

1242 1085 1385 1147 Iuris
1425 1086 1760 1149 Candidatus
1796 1085 1859 1147 in
1899 1086 2203 1150 Academia
2236 1087 2766 1166 Lugdunossatava.

596 1278 797 1355 Nulli
862 1278 993 1354 tibi
1051 1281 1419 1379 superandi
1475 1283 1758 1359 suerunt
1810 1283 2288 1380 competitores
2308 1342 2327 1371 ,
2386 1284 2970 1383 praestantissime
3015 1285 3292 1360 Faum!
3375 1286 3512 1359 Sed

502 1422 657 1473 eam
699 1398 891 1473 Ordo
929 1399 1559 1474 Iureconsultorum
1595 1400 1668 1473 in
1702 1407 1826 1475 tuo
1860 1402 2111 1500 scripto
2150 1401 2536 1476 observavit
2564 1403 3054 1500 praestantiam
3073 1461 3092 1490 ,
3133 1412 3214 1475 ut
3235 1403 3512 1479 ,nemini

426 1546 435 1555 ·
498 1541 640 1591 non
682 1518 971 1592 laudum
1008 1518 1279 1592 aemulo
1316 1518 1602 1593 dubiam
1646 1519 1923 1594 fecisses
1956 1520 2326 1595 victoriam.
2390 1522 2503 1595 En
2545 1521 2762 1621 igitur
2788 1521 3105 1595 debitum
3136 1521 3267 1594 tibi
3301 1531 3510 1622 atquc

500 1637 853 1710 decretum
896 1635 1214 1710 victoriae
1248 1638 1669 1734 praemium!
1708 1664 1845 1712 non
1883 1645 2114 1713 tamen
2149 1640 2280 1714 tibi
2315 1640 2539 1738 magis
2554 1698 2574 1728 ‚
2617 1665 2829 1739 quam
2867 1640 3472 1715 commilitonibus
3487 1702 3507 1729 ,

496 1753 981 1843 incitament0,
1032 1760 1158 1842 ut,
1207 1756 1299 1829 ad
1332 1742 1456 1830 'tui
1496 1757 1751 1846 instar,
1798 1757 1918 1831 illa
1969 1758 2226 1857 singuli
2270 1759 2581 1833 doctrina
2617 1758 2814 1857 copia
2854 1766 3200 1847 crescant,
3250 1786 3460 1857 quam
3484 1820 3503 1848 ,

496 1895 583 1945 ex
638 1871 1004 1948 coniuncto
1062 1873 1318 1948 scilicet
1380 1874 1770 1951 Literarum
1817 1883 1889 1951 et
1936 1878 2121 1951 Iuris
2170 1875 2409 1953 Civilis
2462 1878 2696 1952 studio
2750 1877 3115 1976 diligenter
3157 1903 3506 1977 compara-

495 1998 641 2065 tam
660 2051 680 2080 ,
727 2016 869 2065 non
920 1992 1067 2067 sine
1112 2017 1369 2092 magno
1414 1996 1630 2083 animi
1673 1996 1932 2095 gaudio
1974 1998 2049 2071 in
2095 2003 2167 2071 te
2212 2021 2401 2071 nunc
2447 1997 2844 2072 audivimus
2892 1997 3292 2096 praedicari.

594 2230 1045 2330 Summopere
1108 2230 1351 2304 vellem
1374 2288 1395 2319 ,
1464 2232 1992 2308 Generosissimi
2049 2236 2375 2309 Iuvenes!
2444 2260 2633 2309 nunc
2685 2236 2970 2335 quidem
3013 2259 3264 2309 novam
3315 2234 3509 2307 vobis

492 2349 795 2423 indicere
855 2349 1442 2448 opportunitatem
1500 2354 1828 2428 certandi.
1924 2354 2016 2427 Id
2079 2361 2309 2428 tamen
2370 2378 2511 2427 non
2572 2355 2774 2429 nobis
2835 2380 3021 2427 nunc
3071 2356 3313 2428 datum
3361 2362 3505 2439 est,

494 2468 617 2542 sed
639 2526 660 2557 ,
724 2468 991 2543 vicibus
1050 2468 1251 2543 factis
1266 2528 1287 2558 ,
1356 2469 1615 2545 indicet
1676 2472 1867 2546 illam
1934 2473 2335 2570 propediem
2388 2471 2766 2545 Academia
2820 2472 3500 2546 Rheno-Traiectina.

491 2588 649 2662 Hoc
723 2612 883 2662 vero
954 2612 1074 2661 vos
1092 2646 1113 2676 ,
1187 2594 1457 2686 precor,
1530 2588 1753 2686 agatis
1776 2643 1795 2674 ,
1872 2594 1955 2659 ut
2028 2593 2394 2660 certatores
2417 2643 2438 2675 ,
2511 2586 2655 2662 imo
2726 2588 3012 2661 victores
3034 2645 3055 2676 ,
3129 2588 3502 2669 Leidenses

490 2707 801 2804 proximo
848 2732 1124 2806 quoque
1172 2732 1357 2781 anno
1401 2708 1595 2781 haud
1638 2706 1893 2779 frustra
1938 2711 2379 2803 quaerantur.

588 2826 819 2924 Igitur
882 2826 1011 2898 hoc
1077 2850 1302 2899 unum
1370 2832 1624 2913 restat,
1692 2833 1773 2897 ut
1831 2824 2248 2899 Academiae
2314 2824 2800 2925 magistratum
2863 2824 2938 2897 in
3006 2846 3463 2899 successorem
3485 2884 3505 2911 ,

492 2968 701 3043 quem
762 2970 805 3017 a
869 2944 1063 3041 Rege
1128 2944 1300 3017 mibi
1360 2943 1605 3019 datum
1666 2968 1815 3017 esse
1879 2944 2021 3019 iam
2077 2942 2478 3031 audivistis,
2543 2967 2732 3017 nunc
2794 2942 3072 3042 publice
3134 2943 3501 3018 conferam.

491 3065 740 3162 Itaque
800 3068 891 3135 tu
960 3061 1067 3135 Cl.
1136 3061 1499 3139 Vaamul
1570 3064 1701 3137 hoc
1756 3062 2129 3138 honorifico
2180 3070 2307 3137 tuo
2354 3085 2642 3137 munere
2691 3062 2788 3137 sic
2833 3062 3118 3161 fungere
3142 3121 3162 3151 ,
3229 3064 3507 3161 auspice

489 3182 641 3257 Deo
664 3240 683 3269 ‚
758 3188 841 3256 ut
896 3206 985 3255 ex
1039 3181 1213 3255 meis
1268 3183 1445 3257 votis
1500 3182 1695 3259 nulla
1742 3207 1881 3258 non
1939 3182 2122 3257 bona
2162 3189 2235 3256 et
2283 3181 2582 3257 maxime
2629 3181 2859 3257 fausta
2901 3181 3034 3254 tibi
3074 3183 3498 3281 contingant.

492 3300 605 3375 Sic
624 3360 643 3388 ,
694 3308 765 3375 et
813 3307 882 3375 te
930 3301 1225 3375 Rectore
1240 3359 1259 3388 ‚
1308 3310 1566 3377 crescat
1609 3326 1813 3401 porro
1858 3328 1938 3379 ac
1982 3302 2227 3377 floreat
2268 3300 2648 3377 Academia
2689 3301 3370 3400 Lugduno-Batava!

587 3538 701 3609 Ita
744 3544 829 3610 tu
872 3536 1047 3609 faxis
1070 3592 1092 3623 ,
1146 3535 1357 3611 Pater
1409 3532 1759 3611 coelestis!
1830 3536 1989 3612 Tibi
2036 3560 2161 3637 pro
2205 3535 2532 3613 omnibus
2579 3536 2930 3611 beneficiis
2980 3536 3055 3610 in
3093 3536 3274 3625 ,hanc
3317 3538 3493 3611 Aca-

490 3654 790 3727 demiam
812 3710 833 3742 ‚
879 3654 954 3728 in
999 3678 1153 3742 me,
1200 3654 1333 3729 hoo
1377 3678 1559 3729 anno
1579 3710 1600 3743 ‚
1649 3655 1781 3731 hoc
1826 3656 1939 3732 die
1960 3714 1981 3745 ,
2028 3656 2293 3731 collatis
2314 3714 2335 3743 ,
2384 3655 2640 3755 gratias
2687 3681 2820 3753 ago
2863 3681 2948 3729 ex
2991 3655 3132 3728 imo
3181 3664 3491 3753 pectore,

488 3797 663 3873 quas
712 3773 931 3848 habeo
978 3774 1336 3851 maximas.

586 3892 745 3965 Tibi
794 3894 882 3967 sit
931 3893 1080 3968 laus
1098 3951 1119 3983 ,
1168 3893 1387 3993 gloria
1408 3951 1429 3981 ,
1478 3893 1733 3968 honos!

1874 4378 2127 4438 DIXI.

2974 4968 3073 5039 5}
