4967 6217
1435 659 1524 729 30
2413 656 2743 727 NlcoLAI
2786 658 3253 729 cumanam
3296 660 3485 727 msa·

1531 988 1634 1063 At
1677 984 1856 1085 quid
1911 982 2136 1059 verbis
2187 1004 2366 1083 opus
2405 988 2548 1072 est,
2600 982 2726 1059 ubi
2762 1006 2995 1061 rerum
3041 982 3437 1061 testimonia
3474 982 3781 1059 adsunt?
3876 984 3949 1059 N
3950 1006 4041 1061 on
4092 983 4461 1067 defuerunt

1435 1104 1624 1181 enim
1695 1102 2072 1181 doctissimi
2135 1101 2456 1191 iuvenes,
2532 1126 2742 1201 quos,
2810 1127 2853 1179 e
2922 1102 3069 1177 suis
3140 1102 3391 1179 scholis
3452 1102 3813 1192 dimissos,
3893 1102 3987 1179 ad
4059 1107 4463 1202 quorumvis

1433 1226 1810 1303 officiorum
1849 1247 2138 1298 munera
2174 1221 2685 1321 paratissimos,
2730 1220 3111 1299 Academia
3146 1221 3276 1298 hoc
3310 1245 3496 1298 anno
3525 1222 3800 1297 Patriae
3835 1221 4141 1298 tradidit.
4206 1225 4459 1325 Neque

1433 1343 1790 1419 defuturos
1852 1342 2049 1431 dein,
2131 1341 2210 1415 id
2286 1340 2765 1441 praesagiendi
2826 1342 3029 1419 nobis
3092 1342 3362 1442 copiam
3430 1340 3597 1419 facit
3658 1340 4075 1419 Certaminis
4140 1341 4461 1419 Literarii

1431 1462 1698 1552 exitus,
1747 1486 1962 1561 quem
2005 1484 2194 1536 nunc
2239 1484 2476 1537 meum
2522 1465 2631 1533 est
2674 1458 3132 1558 promulgare.

1532 1696 1679 1777 Qui
1702 1705 1935 1772 tamen
1961 1696 2398 1794 procederem
2419 1718 2503 1769 eo
2518 1753 2538 1783 ,
2564 1692 2701 1767 nisi
2728 1692 3087 1769 celebratis
3110 1700 3273 1771 ante
3300 1693 3517 1793 Regis
3541 1694 4045 1793 Angustissimi
4059 1754 4081 1784 ‚
4108 1720 4273 1775 cum
4298 1721 4457 1776 mu-

1427 1817 1816 1892 nificentiae
1829 1874 1850 1905 ‚
1892 1823 2047 1889 tum
2090 1840 2247 1890 vero
2281 1814 2605 1914 propensi
2642 1812 2941 1888 maxime
2980 1812 3057 1886 in
3096 1813 3330 1887 studia
3366 1812 3891 1911 studiosamque
3926 1813 4106 1888 hanc
4138 1814 4454 1891 iuventu-

1429 1945 1574 2010 tem
1609 1935 1861 2022 animi,
1905 1934 2250 2009 laudibus.
2321 1931 2631 2007 Novistis
2665 1932 2851 2005 enim
2864 1990 2885 2021 ‚
2930 1955 3295 2030 quousque
3330 1956 3373 2005 a
3406 1930 3757 2004 Maiorum
3796 1930 4207 2006 liberalitate
4242 1938 4459 2009 nostri

1427 2042 1756 2153 temporis
1796 2054 2120 2127 defecerit
2156 2050 2578 2151 parcimonia
2593 2109 2614 2140 ,
2665 2050 2844 2125 bene
2882 2050 3124 2125 multis
3168 2050 3309 2125 iam
3358 2048 3707 2145 abrogatis
3752 2056 3873 2122 aut
3918 2050 4171 2125 sensim
4222 2054 4455 2151 paula-

1426 2174 1694 2274 timque
1743 2173 1986 2247 deletis
2034 2180 2244 2271 atque
2284 2171 2604 2246 extinctis
2623 2228 2643 2258 ‚
2694 2194 2871 2267 quae
2912 2169 3005 2243 ad
3044 2167 3507 2267 promovenda
3544 2166 3998 2242 humanitatis
4043 2170 4279 2244 studia
4313 2179 4458 2247 tam

1430 2293 1706 2392 egregie
1759 2292 2082 2367 facerent.
2182 2292 2334 2367 Nee
2373 2289 2625 2365 defecit
2673 2297 2907 2366 tamen
2946 2295 3180 2364 noster
3220 2287 3336 2363 ille
3354 2343 3377 2375 ,
3421 2285 3655 2359 Pann
3704 2284 3979 2361 suboles
4016 2288 4424 2365 Gmmnmn
4437 2350 4457 2380 ,

1423 2412 1938 2487 Amometus!
2026 2410 2188 2485 Non
2225 2408 2376 2497 ille,
2425 2408 2553 2505 qui
2588 2408 2793 2483 dixit.
2843 2408 3091 2506 Aeque
3128 2405 3425 2506 glorioso
3466 2428 3593 2479 suo
3638 2404 3885 2479 vexillo
3932 2430 4147 2504 quam
4192 2409 4459 2485 Acade-

1427 2530 1568 2607 mia
1597 2528 1724 2605 sust
1747 2527 2011 2626 inclyta
2037 2527 2712 2627 Lugduno-Batavz'il
2759 2550 2987 2605 carere
3011 2526 3317 2607 Patriam
3356 2546 3585 2623 posse.
3688 2524 3925 2602 Quare
3948 2532 4021 2599 et
4045 2549 4164 2601 vos
4181 2586 4203 2617 ‚
4236 2530 4459 2605 Gene-

1425 2648 1759 2725 rosissimi
1794 2646 2326 2722 Adolescentesl
2375 2670 2605 2721 carere
2636 2646 3012 2724 certamine
3046 2644 3309 2733 noluit,
3358 2666 3534 2743 quo,
3576 2665 3715 2718 non
3758 2642 4077 2741 eclopetis
4110 2646 4463 2747 sagittisve

1429 2766 1756 2842 dimicare
1803 2764 2127 2852 discatis,
2177 2762 2302 2839 sed
2346 2788 2507 2839 vero
2558 2764 2653 2841 ad
2696 2788 3028 2864 generosa
3074 2788 3155 2841 ac
3200 2761 3462 2839 nobilia
3508 2763 3923 2839 contendere
3970 2766 4220 2842 omnia.

1353 2960 1364 2971 ,
1522 2886 1618 2960 Ε1
1667 2884 1766 2960 sio
1805 2883 2064 2983 igitur,
2113 2907 2290 2957 novo
2331 2882 2691 2982 exemplo,
2740 2880 3145 2956 auctoritate
3186 2878 3521 2953 nimirum
3578 2878 3796 2979 Regis
3850 2883 4257 2961 Gummm
4298 2885 4457 2974 ΙΙΙ,

1423 3029 1664 3081 ornare
1725 3002 1900 3079 mihi
1960 3025 2080 3077 vos
2126 3000 2433 3100 praemio
2480 3002 2676 3089 licet,
2726 2999 2984 3099 quibus
3029 2999 3105 3073 in
3149 2997 3363 3075 huius
3405 2996 3573 3073 anni
3614 2998 4009 3077 Certamine
4045 3002 4460 3083 Academico

1427 3150 1578 3201 esse
1623 3122 1998 3199 victoribus
2045 3120 2356 3221 contigit.
2454 3121 2568 3195 Ne
2610 3126 2845 3195 tamen
2890 3116 3297 3193 existimetis
3349 3116 3596 3205 velim,
3645 3116 3757 3192 vel
3812 3118 4020 3193 victos
4065 3122 4457 3219 praemiove

1425 3248 1733 3319 carentes
1775 3263 1964 3315 nunc
2000 3237 2366 3313 illaudatos
2409 3262 2455 3312 a
2493 3261 2609 3313 me
2658 3236 2936 3314 dimitti.
3034 3232 3344 3310 Novistis
3388 3234 3609 3310 enim:
3658 3244 3731 3311 et
3764 3238 3839 3310 in
3872 3241 4130 3337 mayrois
4168 3242 4457 3319 voluisse

1422 3368 1538 3437 eat
1577 3367 1697 3435 est.
1797 3360 1893 3433 Et
1956 3359 2066 3433 vel
2117 3382 2233 3433 me
2291 3356 2527 3432 omnia
2594 3355 2883 3447 fallunt,
2946 3356 3056 3431 vel
3108 3355 3261 3454 ipsa
3296 3353 3675 3461 ,Ordinum
3731 3352 3995 3429 Iudicia
4046 3354 4294 3431 docent
4308 3415 4330 3447 ,
4378 3367 4455 3433 et

1424 3480 1638 3555 victos
1695 3504 1816 3554 vos
1836 3536 1861 3567 ,
1917 3477 2242 3553 certando
2304 3484 2537 3553 tamen
2561 3533 2582 3565 ‚
2646 3477 2917 3551 futuras
2958 3472 3332 3574 aliquando
3380 3472 3579 3549 vobis
3618 3471 3759 3547 iam
3796 3472 4201 3549 instruxisse
4242 3483 4457 3575 atque

1423 3622 1702 3697 parasse
1738 3596 2072 3672 victorias.
2176 3596 2276 3669 Te
2315 3595 2534 3692 igitur
2570 3593 2657 3669 V.
2702 3594 2783 3669 O.
2804 3649 2825 3681 ,
2874 3594 2998 3691 qui
3038 3594 3339 3669 Senatus
3390 3596 3545 3666 acta
3586 3614 3775 3667 nunc
3818 3616 4051 3679 curas,
4098 3591 4455 3669 humanis·

1427 3708 1601 3783 sime
1654 3730 1822 3806 rogo
1838 3764 1860 3795 ‚
1926 3714 2007 3781 ut
2067 3707 2238 3781 haec
2295 3705 2498 3781 nobis
2556 3704 2825 3781 Iudicia
2888 3704 3153 3781 recites.
3252 3705 3397 3783 Vos
3448 3732 3639 3797 vero,
3688 3709 4217 3787 Generosissimi
4260 3712 4449 3789 Ado-

1347 3830 1354 3837 ’
1423 3828 1792 3903 lescentesl
1836 3833 1918 3903 ut
1949 3850 2158 3901 suum
2193 3824 2489 3925 quisque
2510 3848 2765 3901 nomen
2788 3824 3167 3902 renuntiari
3191 3826 3463 3917 audiet,
3495 3826 3590 3903 ad
3620 3850 3733 3903 me
3768 3828 4093 3929 deinceps
4125 3830 4447 3907 accedite.

1565 4298 2037 4375 mDmIUM
2083 4298 2489 4377 ORDINIS
2535 4278 3315 4377 DISCIPLINARUM
3360 4302 4307 4381 MATHEMATICARUM

2524 4420 2650 4495 ET
2693 4420 3355 4497 PHYSICARUM.

1423 4658 1619 4739 Anno
1693 4661 2026 4755 superiori
2128 4660 2312 4737 Ordo
2395 4659 2737 4737 studiosae
2817 4660 3149 4737 iuventuti
3221 4660 3393 4737 hanc
3477 4660 3928 4761 quaestionem
4011 4683 4052 4732 e
4130 4655 4453 4755 2'051092'0

1503 4782 1958 4876 proposuerat
1970 4809 1994 4850 .-
