4967 6217
1837 690 2386 761 ORATIO.
2680 724 2683 729 ·
3518 694 3599 757 17

583 924 656 973 se
699 899 1031 998 produnt,
1074 900 1196 974 sed
1231 897 1610 997 Religionis
1649 899 1898 995 placita
1937 900 2154 999 ipsius
2167 874 2368 973 'vitae
2396 899 2759 989 hominum
2802 898 3045 973 usibus
3079 899 3595 974 accommodan-

582 1029 707 1092 tes.
749 1021 1052 1093 ‘Mitunt
1088 1027 1621 1115 aversanturque
1665 1018 1867 1091 tricas
1899 1018 2050 1091 illas
2087 1043 2167 1093 ac
2208 1019 2439 1118 spinas
2475 1017 3056 1116 disputationum,
3097 1043 3275 1116 quae
3318 1018 3599 1092 Graecis
3640 1107 3644 1111 .
3722 1115 3731 1124 ⁸

580 1139 960 1236 placebant.
1083 1139 1245 1211 Non
1311 1136 1685 1211 difficiliora
1757 1136 2166 1233 Theologiae
2237 1144 2360 1210 aut
2432 1136 2929 1235 Christologiae
2996 1138 3221 1244 capita
3296 1144 3597 1224 tentant,

581 1280 792 1331 unam
840 1283 998 1331 vero
1050 1256 1662 1355 Anthropologiam
1718 1252 2180 1328 Christianam
2247 1262 2319 1327 et
2375 1256 2719 1328 Ecclesiae
2779 1256 3231 1355 Disciplinam
3248 1317 3267 1343 ,
3318 1258 3599 1330 Graecis

579 1376 958 1474 neglectaS,
1011 1378 1311 1473 diligunt
1355 1382 1564 1469 atque
1613 1372 1867 1446 colunt.
1965 1373 2158 1447 Lites
2203 1373 2486 1469 quidem
2540 1396 2678 1445 non
2726 1373 2821 1445 sic
2864 1383 3200 1449 arcentur.
3300 1376 3401 1449 At
3459 1399 3600 1473 quo

579 1495 836 1567 fervore
882 1495 968 1567 de
1007 1493 1340 1566 Trinitate
1389 1490 1783 1588 Christique
1823 1492 2089 1564 naturis
2127 1497 2474 1565 certarunt
2516 1498 2850 1589 perpetuo
2891 1492 3173 1579 Graeci,
3224 1494 3466 1566 eodem
3514 1494 3601 1567 de

577 1614 864 1686 Peecato
883 1671 903 1700 ,
953 1612 1040 1685 de
1083 1612 1549 1696 Poenitentia‚
1601 1610 1688 1683 de
1729 1611 2067 1698 Ecclesia,
2119 1611 2206 1684 de
2246 1611 2519 1684 auxillis
2568 1610 2847 1683 Gratiae
2903 1611 3074 1697 Dei,
3143 1636 3414 1710 semper
3461 1612 3601 1685 fere

576 1730 826 1805 latini.
926 1731 1172 1805 Libros
1206 1731 1631 1829 reliquerunt
1655 1730 2045 1827 argumenti
2081 1730 2454 1827 dogmatici
2479 1729 2763 1805 omnino
2801 1730 3285 1827 paucissimOS,
3329 1732 3605 1804 moralis

575 1874 732 1923 vero
772 1856 980 1947 atque
1022 1850 1302 1949 practici
1340 1856 1614 1923 tantum
1657 1874 1795 1922 non
1843 1873 2102 1923 omnes,
2203 1851 2310 1922 Ex
2344 1849 2452 1936 his
2494 1850 2665 1923 adeo
2700 1849 2988 1946 prodiit,
3038 1850 3161 1947 qui
3191 1850 3371 1923 inter
3404 1850 3601 1923 Chri-

578 1970 834 2043 stianos
895 1969 1206 2043 omnium
1271 1969 1538 2068 primus
1599 1971 1874 2041 filorum
1922 1971 2290 2041 doctrinam
2342 1967 2504 2041 data
2549 1991 2753 2066 opera
2796 1969 3099 2067 scripsit,
3150 1970 3602 2044 Amanosms.

579 2088 680 2159 Ut
731 2088 938 2161 verbo
1005 2088 1257 2161 dicam:
1322 2086 1494 2159 nihil
1555 2087 1956 2185 relinquunt
2003 2087 2342 2161 intactum
2363 2145 2382 2174 ,
2462 2094 2545 2159 ut
2604 2087 2737 2185 ipsi
2802 2088 2981 2161 vitae
3040 2096 3249 2185 atque
3296 2089 3605 2163 moribus

574 2209 850 2305 Religio
897 2209 1136 2307 prosit.

655 2318 956 2399 'Utinam
997 2350 1155 2400 vero
1171 2385 1190 2414 ,
1239 2328 1429 2424 quod
1481 2351 1733 2426 magno
1782 2328 1877 2402 sic
1938 2329 2238 2427 agebant
2287 2327 2529 2402 ardore
2548 2388 2567 2414 ‚
2616 2330 2693 2402 id
2746 2354 3014 2427 semper
3060 2336 3241 2403 recte
3287 2330 3609 2405 fecissent

571 2470 789 2543 eoque
837 2446 1323 2544 processissent
1373 2447 1696 2535 ulteriuS,
1747 2455 1827 2522 ut
1878 2448 1952 2520 in
1999 2449 2152 2521 luce
2200 2448 2527 2521 collocata
2573 2446 2804 2519 divina
2856 2448 2921 2519 vi
2973 2446 3377 2545 Euangelii,
3429 2448 3606 2521 hanc

571 2591 709 2639 non
777 2572 1096 2639 externae
1158 2571 1429 2639 tantum
1496 2566 1676 2640 vitae
1735 2568 1983 2640 rationi
2040 2567 2391 2664 regundae
2409 2624 2427 2653 ,
2504 2564 2626 2639 sed
2700 2564 2941 2637 morali
3011 2573 3221 2661 atque
3296 2566 3605 2639 internae

568 2685 866 2762 hominis
941 2685 1421 2759 adhibuissent
1500 2686 1983 2759 emendationi.
2084 2686 2320 2757 Huius
2391 2692 2623 2757 tamen
2694 2686 2793 2757 rei
2866 2685 3248 2782 periculum
3324 2687 3607 2783 quidem

566 2804 878 2879 fecerunt
896 2863 915 2892 ‚
966 2804 1090 2877 sed
1137 2803 1354 2876 levius
1400 2802 1576 2876 illud
1616 2810 1686 2877 et
1732 2804 2011 2877 omnino
2047 2802 2339 2876 irritum.
2409 2803 2732 2877 Pietatis
2778 2803 3099 2877 exercitia
3142 2828 3397 2902 magno
3445 2829 3607 2878 sane

565 2948 854 2997 numero
891 2922 1148 2997 adsunt
1187 2929 1256 2993 et
1293 2921 1606 3019 religiose
1647 2922 2014 3008 coluntur,
2049 2922 2174 2995 sed
2212 2921 2491 3018 pietatis
2529 2921 2925 2995 arbitrariae
2964 2948 3043 2996 ac
3080 2922 3219 2996 fere
3264 2931 3605 2998 externae.

565 3044 724 3115 Non
773 3042 945 3140 quid
987 3042 1172 3127 Dec,
1224 3040 1396 3137 quid
1441 3040 1802 3138 proximis,
1853 3041 2026 3139 quid
2083 3039 2251 3127 sibi,
2304 3041 2427 3113 sed
2485 3040 2657 3137 quid
2714 3042 3058 3115 Ecclesiae
3112 3044 3605 3139 praestandum

567 3161 689 3248 sit,
759 3159 1129 3257 quaeritur.
1255 3158 1451 3232 Haec
1514 3184 1654 3233 una
1725 3160 1910 3233 enim
1979 3184 2258 3233 omnem
2327 3166 2657 3257 occupat,
2732 3160 2921 3257 apud
2999 3159 3355 3252 Latinos,·
3388 3162 3607 3260 ipsius
3666 3238 3671 3245 ,

567 3280 931 3377 Euangelii
977 3280 1224 3352 locum.
1307 3280 1588 3351 Novum
1635 3278 1731 3351 sic
1779 3278 2124 3352 servitutis
2163 3279 2408 3375 iugum
2460 3278 2871 3351 Christianis
2915 3279 3312 3375 imponitur.
3407 3281 3605 3355 Chri-

567 3398 788 3472 stiana
835 3398 1103 3471 exsulat
1157 3397 1436 3469 libertas
1455 3454 1473 3483 ,
1523 3421 1684 3470 cum
1735 3397 2050 3470 libertate
2104 3396 2254 3493 ipsa
2301 3396 2521 3469 verior
2564 3397 2911 3470 moralitas
2960 3398 3205 3471 omnis.
3308 3398 3605 3472 Virtutis

571 3517 886 3612 vitaeque
930 3514 1364 3587 Christianae
1406 3537 1546 3587 non
1586 3514 1721 3586 nisi
1765 3514 2053 3587 umbrae
2098 3538 2176 3587 ac
2220 3512 2361 3585 fere
2412 3519 2678 3609 spectra
2732 3522 3124 3611 supersunt.
3226 3515 3601 3590 Communi

567 3642 804 3707 autem
853 3632 1312 3707 invalescente
1354 3632 1730 3731 religionis,
1793 3632 2003 3719 vitae,
2069 3657 2342 3706 morum
2399 3632 2915 3729 depravatione,
2982 3658 3169 3719 ecce,
3230 3634 3395 3707 huic
3451 3636 3603 3733 ipsa

567 3751 824 3839 omniS,
874 3751 948 3824 in
1008 3750 1231 3847 capite
1279 3757 1489 3847 atque
1537 3750 1902 3837 membris,
1950 3752 2048 3824 ita
2099 3751 2340 3825 subest
2383 3749 2722 3837 Ecclesia,
2771 3758 2853 3823 ut
2900 3750 3037 3824 iam
3092 3753 3361 3826 evenire
3412 3753 3597 3827 vide-

566 3878 751 3957 atur,
827 3869 1016 3968 quod
1073 3870 1445 3967 aliquando
1510 3870 1686 3943 dixit
1749 3872 2098 3947 Servator:
2181 3870 2376 3943 nvos
2445 3870 2609 3943 estis
2682 3870 2783 3943 sal
2845 3880 3061 3943 terrae
3081 3929 3100 3957 ,
3178 3871 3236 3943 si
3290 3896 3450 3945 vero
3500 3874 3599 3945 sal

568 4014 876 4085 saporem
926 3988 1194 4074 amisit,
1246 3990 1418 4086 quid
1467 3990 1626 4076 erit,
1677 4014 1816 4086 quo
1866 3990 2240 4063 saliaturP’'

661 4109 812 4182 Nec
851 4116 1084 4182 tamen
1136 4109 1485 4195 amiserat,
1545 4132 1772 4206 neque
1837 4108 2173 4194 melioria,
2235 4107 2607 4206 aliquando
2668 4108 3035 4196 affuturae,
3100 4109 3383 4183 rationis
3439 4134 3593 4208 spes

568 4234 638 4297 et
687 4227 1102 4321 exspectatio
1147 4227 1361 4301 deest.
1461 4228 1978 4327 Expergiscitur
2013 4230 2328 4315 tandem,
2372 4228 2591 4303 latens
2642 4228 2907 4302 dudum
2928 4288 2945 4315 ,
2996 4253 3203 4325 quem
3248 4228 3320 4300 in
3368 4227 3591 4299 fortis-

569 4342 761 4415 simis
809 4342 960 4415 istis
1008 4344 1094 4417 de
1146 4346 1356 4442 stirpe
1425 4348 1834 4422 Germanica
1879 4348 2151 4451 populis
2203 4348 2458 4422 Divina
2506 4348 2779 4446 Religio
2836 4348 3295 4433 excitaverat,.
3347 4369 3591 4419 sensus

569 4486 722 4535 vere
764 4461 1058 4535 moralis.
1160 4464 1318 4536 Urit
1350 4488 1498 4551 eOS,
1546 4466 1744 4539 cuius
1787 4467 1916 4564 ipsi
1956 4466 2320 4566 participes
2356 4474 2553 4555 sunt,
2602 4466 3017 4540 conscientia
3050 4464 3232 4538 mali.
3320 4465 3586 4541 Quam·

569 4604 706 4677 que
759 4580 831 4652 in
902 4604 1011 4666 se,
1080 4580 1155 4653 in
1217 4581 1364 4655 aliis
1381 4642 1402 4669 ,
1475 4584 1548 4657 in
1612 4586 1929 4659 universa
1991 4610 2132 4683 qua
2187 4586 2326 4659 late
2373 4586 2657 4684 patebat
2714 4584 3047 4671 Ecclesia,
3114 4582 3588 4658 dominantem

569 4699 926 4796 deplorant
967 4698 1144 4773 vitae
1186 4699 1614 4777 Ch'1istianae
1672 4703 2208 4791 deformitatem,
2282 4703 2458 4778 hanc
2528 4704 2903 4802 propellere
2955 4702 3144 4778 omni
3210 4703 3445 4778 studio
3508 4727 3589 4775 ae

571 4817 796 4891 labore
848 4816 1186 4893 nituntur.

3160 4948 3202 5015 3
