4967 6217
1893 767 2447 835 ORATIO.
3136 758 3145 767 ⁵
3532 770 3659 833 213

632 984 1049 1056 Graecarum
1120 976 1470 1053 literarum
1487 1034 1506 1062 ,
1585 1000 1804 1073 quum
1881 976 2010 1049 viri
2074 975 2260 1051 docti
2326 974 2569 1048 timide
2647 973 2962 1062 ederent,
3043 999 3221 1073 quae
3294 976 3651 1048 vernacule

633 1100 1097 1199 scripsissent,
1148 1098 1500 1194 solamque
1539 1094 1672 1169 sibi
1706 1094 2006 1169 nominis
2043 1094 2300 1169 famam
2335 1117 2422 1166 ex
2455 1092 2541 1166 iis
2558 1150 2577 1180 ,
2629 1117 2805 1190 quae
2850 1092 3097 1167 Latine
3128 1102 3652 1193 componerent,

630 1222 1172 1315 augurarentur3
1236 1214 1358 1288 sed
1427 1236 1825 1311 quanquam
1872 1212 2046 1285 nihil
2076 1211 2557 1316 recentiorum
2612 1211 2938 1286 laudibus
2985 1213 3446 1309 detrahimus,
3492 1237 3651 1286 con·

631 1335 983 1409 tendimus
1044 1342 1276 1407 tamen
1337 1332 1598 1407 nullius
1644 1332 1976 1405 sermonis
2024 1330 2418 1405 recentioris
2471 1330 2703 1404 studio
2756 1324 3199 1430 antiquarum
3254 1333 3651 1431 linguarum

631 1454 1050 1529 desiderium
1123 1452 1428 1528 resarciri
1504 1476 1725 1549 posse.
1842 1449 2167 1524 Cuiusvis
2241 1448 2519 1548 linguae
2596 1449 2908 1524 studium
2982 1451 3263 1525 mirifice
3334 1450 3496 1525 facit
3562 1452 3659 1530 ad

628 1598 868 1648 omnes
918 1573 1182 1672 ingenii
1231 1572 1405 1645 vires
1452 1571 1850 1645 excitandas
1905 1568 2308 1643 memoriam
2353 1567 2867 1666 locupletando,
2920 1569 3247 1643 iudicium
3306 1572 3615 1645 acuendo
3632 1630 3650 1657 ‚

543 1778 552 1783 ¹
628 1694 1038 1793 elegantiam
1094 1692 1588 1792 promovendo,
1639 1691 1898 1765 nullius
1943 1713 2163 1788 aeque
2203 1696 2413 1787 atque
2454 1689 2919 1786 antiquarum.
3020 1691 3255 1787 Atque
3314 1699 3394 1764 ut
3452 1716 3656 1775 nemo

628 1813 833 1911 patrii
905 1812 1235 1887 sermonis
1299 1812 1658 1911 ingenium
1725 1809 1939 1910 probe
2011 1808 2365 1907 perspicit,
2439 1808 2575 1881 nisi
2625 1808 2823 1882 illum
2885 1833 3047 1883 cum
3102 1811 3253 1885 aliis
3308 1812 3655 1885 idiomatis

631 1933 940 2006 eiusdem
1007 1932 1239 2031 stirpis
1301 1955 1696 2032 comparare
1742 1937 1970 2028 potest
1985 1986 2005 2016 ,
2057 1929 2154 2002 sic
2198 1934 2535 2025 perpetuo
2588 1936 2817 2001 errant
2871 1930 3256 2027 misereque
3302 1930 3655 2017 vacillant,

629 2053 751 2149 qui
825 2051 1154 2125 idiomata
1219 2050 1534 2149 gentium
1595 2048 2131 2123 Romanicarum
2197 2055 2268 2121 et
2323 2048 2891 2122 Germanicarum
2941 2049 3089 2121 sine
3133 2059 3449 2123 accurata
3494 2074 3655 2147 cog·-

626 2172 888 2244 nitione
951 2170 1282 2245 sermonis
1339 2170 1584 2243 Graeci
1635 2175 1706 2241 et
1743 2167 1980 2242 Latini
2024 2167 2360 2265 explicare
2407 2172 2765 2239 conantur.
2863 2168 3026 2239 Non
3070 2191 3393 2241 curamus
3444 2169 3659 2265 igitur

629 2290 912 2389 ineptos·
950 2288 1302 2377 homineS,
1351 2289 1476 2385 qui
1515 2272 1824 2384 tempus,
1877 2287 2063 2383 quod
2101 2308 2224 2357 nos
2267 2284 2340 2357 in
2389 2284 2648 2381 linguis
2690 2282 2982 2356 mortuis
3036 2284 3403 2357 terendum
3451 2296 3653 2383 puta-

627 2432 785 2481 mus
807 2467 824 2494 ,
909 2408 1261 2504 aliquanto
1326 2406 1572 2479 melius
1645 2405 1794 2479 dari
1855 2412 2178 2477 censeant
2252 2426 2491 2476 earum
2560 2403 2957 2499 linguarum
3018 2403 3249 2476 studio
3273 2464 3291 2491 ‚
3351 2429 3528 2502 quae
3582 2408 3653 2479 in

627 2553 742 2600 ore
791 2527 1150 2600 hominum
1200 2524 1338 2597 sint
1381 2523 1742 2619 multoque
1787 2520 2055 2595 facilius
2098 2520 2580 2620 percipiantur.
2683 2522 2845 2593 Non
2884 2521 3152 2610 vident,
3206 2524 3376 2596 dum
3418 2525 3654 2598 odioso

626 2648 758 2718 isto
828 2654 1234 2717 mortuarum
1295 2642 1574 2715 nomine
1635 2641 2126 2738 praestantiam
2197 2640 2406 2713 huius
2473 2638 2689 2713 studii
2750 2642 3125 2715 convellere
3186 2642 3512 2740 cupiunt,
3582 2670 3655 2717 se

626 2764 876 2836 invitos
921 2783 1175 2858 magno
1215 2784 1418 2858 opere
1467 2760 1642 2835 illud
1687 2760 2189 2835 commendare.
2290 2760 2474 2833 Nam
2495 2817 2514 2846 ,
2585 2767 2667 2832 ut
2728 2760 2967 2834 alienis
3015 2761 3243 2835 verbis
3300 2772 3454 2836 utar
3476 2821 3494 2849 ,
3546 2762 3653 2836 his

625 2884 774 2978 ipsa
843 2905 1028 2954 mors
1087 2878 1672 2954 immortalitatem
1740 2880 1961 2980 parit3
2011 2878 2176 2953 facit
2225 2880 2446 2966 enim,
2498 2888 2579 2953 ut
2624 2881 2975 2955 communi
3021 2882 3171 2979 lege
3216 2882 3478 2954 solutae
3521 2883 3654 2954 for-

625 3026 812 3075 mam
871 3024 1080 3098 quam
1142 2999 1401 3073 habent
1458 3007 1852 3074 constanter
1905 3006 2174 3073 servent
2213 3023 2342 3075 nec
2385 2998 2685 3097 amplius
2732 3000 3187 3074 mutationem
3219 3000 3532 3073 'subeant
3564 3004 3653 3091 8).

623 3121 916 3194 Latinus
982 3142 1205 3191 sermo
1268 3119 1344 3191 in
1409 3142 1525 3192 ore
1593 3119 1956 3194 hominum
2021 3143 2170 3193 esse
2227 3118 2432 3215 desiit
2492 3126 2563 3191 et
2616 3119 2839 3217 magis
2893 3120 3255 3215 magisque
3300 3119 3660 3193 invalescit

626 3238 1056 3313 consuetudo
1075 3294 1094 3323 ,
1173 3246 1252 3309 ut
1314 3237 1440 3310 viri
1505 3237 1691 3312 docti
1759 3239 1846 3311 de
1901 3238 2110 3313 re'bus
2152 3237 2380 3310 ‘etiam
2454 3236 2545 3310 ad
2612 3237 3092 3333 antiquitatem
3149 3237 3657 3334 pertinentibus

630 3357 1005 3453 scribentes
1079 3380 1204 3429 sua
1260 3357 1556 3454 quisque
1602 3356 1842 3455 lingua
1892 3364 2180 3431 utantur
2191 3390 2210 3443 ;
2261 3400 2362 3417 —
2406 3356 2599 3455 quod
2648 3356 2825 3430 bene
2878 3381 2966 3430 an
3018 3379 3214 3429 secus
3263 3358 3419 3443 fiat,
3472 3383 3657 3432 nunc

627 3501 764 3547 non
824 3476 1102 3571 disputo
1153 3520 1254 3536 --
1303 3474 1427 3547 sed
1467 3474 1738 3547 etiamsi
1779 3500 1948 3549 usus
1992 3473 2226 3549 Latini
2275 3475 2609 3548 sermonis
2660 3500 2745 3549 ex
2786 3475 3219 3548 Academicis
3260 3476 3507 3549 scholis
3552 3480 3657 3551 vel

628 3619 815 3667 more
883 3593 989 3666 vel
1055 3593 1208 3690 lege
1265 3586 1650 3680 tolleretur,
1715 3600 1946 3668 tamen
2001 3594 2150 3668 eius
2201 3594 2513 3667 studium
2558 3593 2997 3667 retinendum
3051 3618 3398 3669 censerem
3447 3619 3658 3695 nega-

625 3738 912 3810 remque
976 3696 1125 3785 esse
1195 3712 1494 3786 hominis
1557 3712 1928 3788 liberaliter
1993 3714 2268 3788 educati
2333 3721 2404 3786 et
2477 3713 2602 3812 qui
2672 3712 3043 3809 aliquando
3082 3712 3203 3786 -ad
3254 3706 3656 3811 gravissima

629 3856 917 3907 munera
965 3831 1284 3918 accedet,
1333 3833 1564 3907 omnia
1601 3832 1692 3907 ad
1730 3839 2164 3931 praesentem
2207 3831 2581 3907 utilitatem
2638 3830 2931 3928 exigere.
3030 3832 3167 3903 Ars
3210 3836 3658 3931 grammatica

629 3952 816 4023 enim
867 3948 1077 4024 habet
1127 3949 1255 4023 hoc
1307 3974 1674 4025 commune
1728 3976 1890 4025 cum
1937 3950 2342 4048 geometria,
2393 3958 2475 4024 ut
2517 3974 2657 4023 non
2707 3950 2915 4022 modo
2963 3974 3125 4024 cum
3162 3963 3483 4051 percepta
3522 3954 3652 4042 sit,

631 4070 752 4143 sed
816 4068 1024 4141 etiam
1087 4092 1250 4143 cum
1313 4069 1728 4166 percipiatur
1773 4069 2025 4166 prosit,
2075 4069 2264 4165 quod
2307 4093 2446 4143 non
2493 4068 2893 4166 intelligunt
2942 4068 3203 4165 quibus
3247 4072 3653 4169 primarium

631 4189 902 4263 videtur
952 4212 1034 4263 eo
1075 4186 1368 4265 consilio.
1405 4172 1480 4259 in
1531 4187 1925 4284 Gymnasiis
1974 4186 2248 4285 linguas
2299 4188 2709 4263 recentiores
2754 4186 3011 4274 doceri,
3062 4195 3145 4261 ut
3180 4189 3656 4283 ‚adolescentes

629 4308 846 4381 nostri
920 4307 1180 4383 Gallice
1202 4365 1224 4394 ,
1293 4306 1699 4381 Germanice
1719 4361 1739 4391 ,
1813 4303 2108 4402 Anglice
2174 4303 2361 4402 loqui
2437 4304 2726 4379 discant.
2858 4305 3093 4381 Quare
3160 4328 3381 4404 quum
3450 4310 3655 4382 multi

632 4428 1086 4503 recentiorum
1160 4426 1556 4524 linguarum
1620 4423 2285 4500 commendationem
2341 4430 2583 4522 petant
2636 4450 2676 4497 e
2724 4423 2965 4497 maiori
3010 4414 3248 4498 earum
3290 4424 3615 4499 facilitate
3634 4488 3653 4516 ,

635 4550 764 4621 hoc
833 4548 1066 4646 ipsum
1131 4570 1257 4621 nos
1319 4554 1549 4620 movet
1570 4603 1590 4633 ,
1660 4551 1742 4619 ut
1765 4603 1785 4631 ,
1847 4544 2128 4642 quando
2186 4544 2295 4643 de·
2317 4543 2752 4618 institutione
2802 4542 3099 4616 melioris
3142 4543 3396 4618 civium
3442 4542 3655 4644 partis

635 4666 870 4765 agitur
888 4725 908 4755 ,
958 4665 1263 4764 antiquis
1309 4664 1609 4763 palmam
1658 4662 2066 4737 deferamus
2165 4662 2567 4739 Laudamus
2861 4724 2875 4733 .

973 4810 978 4815 ·
1500 4785 1616 4881 qui
1643 4786 1889 4879 pueris
1933 4784 2088 4856 olim
2136 4784 2305 4856 dant
2349 4782 2649 4856 matula
2698 4782 2907 4855 bland
2916 4786 2929 4799 ‘

1253 4903 1584 4979 Doctores
1603 4960 1624 4992 ,
1674 4904 1998 4978 elementa
2044 4903 2257 4977 velint
2299 4910 2378 4977 ut
2419 4904 2676 4977 dvbcere
2705 4904 2939 5001 prima
2954 4936 2985 4987 ,·
3071 4890 3077 4893 ’
