4967 6217
1784 705 2333 772 ORATIO.
2480 696 2632 741 >‘
3471 703 3550 765 61

520 914 781 1011 cogito,
829 936 967 987 non
1020 913 1249 1012 gentis
1308 920 1577 987 nostrae
1596 972 1614 999 ,
1682 915 1805 988 sed
1853 913 2322 1013 philosophiae
2383 918 2699 986 naturam
2763 909 2957 982 vobis
3019 908 3394 992 delineare,
3463 906 3550 978 de

524 1038 789 1105 mutata
835 1032 986 1129 ejus
1029 1031 1417 1107 conditione
1480 1030 1779 1104 dilucide
1842 1036 1911 1103 et
1970 1029 2371 1104 brevissime
2436 1029 2691 1102 dicens.
2791 1025 3121 1100 Vestrum
3178 1024 3308 1099 erit
3360 1021 3546 1122 judi-

520 1172 705 1233 care,
755 1172 843 1221 an
906 1149 1306 1248 hujusmodi
1354 1148 1663 1222 doctrina
1683 1205 1702 1235 ‚
1769 1147 2045 1244 qualem
2095 1146 2498 1245 depingam,
2549 1147 2622 1219 in
2680 1144 3056 1220 Hollandia
3105 1142 3390 1218 colenda
3456 1143 3547 1215 sit

520 1290 606 1337 an
654 1290 811 1341 vero
847 1248 1317 1364 repudiandas
1390 1267 1513 1339 Me
1557 1272 1788 1338 autem
1805 1324 1823 1352 ,
1874 1264 2051 1338 hanc
2085 1289 2210 1363 pro
2248 1264 2454 1338 domo
2494 1288 2774 1337 causam
2815 1270 3169 1362 agentem,
3220 1259 3546 1335 benevole

517 1384 813 1459 audiatis
832 1444 852 1472 ‚
904 1393 1262 1483 vestraque
1330 1383 1761 1482 indulgentia
1826 1384 2229 1483 ignoscatis„
2262 1406 2440 1481 quae
2509 1382 2768 1456 viribus
2829 1382 3002 1456 meis
3067 1381 3305 1455 deesse
3373 1378 3546 1453 mihi

512 1498 824 1577 conscius
878 1528 1052 1576 sum.

612 1859 725 1932 Ab
776 1860 1079 1957 antiquis
1128 1860 1291 1932 inde
1340 1854 1769 1957 temporibus
1814 1882 2053 1933 omnes
2078 1917 2097 1946 ,
2148 1860 2269 1956 qui
2331 1883 2441 1933 res
2486 1860 2805 1933 sensibus
2861 1858 3190 1933 obnoxias
3239 1859 3542 1933 dividere

510 1979 735 2053 conati
788 1987 951 2052 sunt
974 2038 991 2065 ,
1044 1978 1509 2053 distinxerunt
1553 1978 1735 2051 inter
1778 2002 1892 2051 eas
1912 2032 1933 2069 ,
1982 2002 2161 2075 quae
2210 2001 2419 2051 sensu
2462 1986 2795 2066 utuntur,
2821 1986 2916 2051 .et
2940 2003 3055 2052 eas
3075 2036 3094 2065 ,
3148 2002 3330 2076 quae
3383 2003 3534 2051 sen—

510 2122 627 2171 sus
667 2107 979 2196 expertes
1030 2105 1228 2185 sunt,
1281 2098 1369 2170 de
1409 2097 1760 2171 'nonnullis
1810 2097 2245 2183 dubitantes,
2295 2104 2532 2169 utrum
2576 2098 2668 2171 ad
2710 2097 2886 2171 hanc
2932 2098 3220 2171 classem
3261 2097 3534 2171 illamve

508 2214 897 2291 referendae
950 2219 1106 2291 sint.
1206 2216 1322 2289 Ab
1380 2217 1533 2316 ipso
1580 2215 1855 2299 homine
1902 2215 2179 2289 initium
2199 2275 2218 2304 ,
2269 2216 2357 2290 de
2406 2240 2546 2315 quo
2595 2215 2858 2314 ambigi
2916 2240 3057 2289 non
3122 2215 3352 2314 potuit
3369 2274 3388 2302 ,
3437 2216 3536 2289 ita

507 2333 787 2431 quidem
812 2394 828 2423 ,
882 2346 963 2409 ut
1026 2335 1197 2435 quid
1262 2360 1541 2410 sensum
1612 2334 2083 2434 intelligamus
2151 2337 2437 2411 definire
2500 2361 2640 2410 non
2697 2360 2870 2435 opus
2938 2335 3046 2409 sit.
3145 2334 3538 2409 Dilucidius

505 2453 690 2527 enim
750 2454 925 2529 nihil
972 2455 1341 2555 excogitari
1403 2462 1671 2554 potest,
1724 2455 1822 2528 ita
1866 2460 1949 2526 ut
1997 2446 2130 2527 alia
2178 2455 2411 2527 omnia
2460 2454 2693 2551 potius
2747 2452 3040 2550 explicet
3083 2452 3232 2550 ipse
3252 2510 3271 2539 ,
3323 2476 3534 2549 quam

504 2596 626 2669 per
682 2573 815 2647 alia
859 2574 1305 2671 explicandus
1346 2575 1467 2661 sit,
1520 2578 1935 2671 quapropter
1974 2571 2177 2644 multi
2224 2571 2297 2643 in
2346 2594 2428 2645 eo
2480 2572 2626 2645 solo
2669 2578 2921 2669 putant
2961 2569 3102 2643 veri
3147 2594 3297 2643 esse
3343 2569 3532 2669 judi·

503 2692 707 2764 cium.
813 2693 1140 2765 Caeterae
1182 2715 1327 2779 reS,
1377 2691 1733 2778 animalia,
1782 2691 2092 2788 plantae,
2142 2714 2305 2764 oum
2350 2686 2628 2783 homine
2693 2697 3209 2787 comparantur,
3257 2688 3331 2762 in
3378 2689 3530 2786 qui-

502 2810 636 2882 bus
704 2809 765 2882 si
833 2811 1074 2883 eadem
1134 2809 1303 2883 iisve
1364 2809 1712 2884 simillima
1775 2809 2255 2896 inveniuntur,
2325 2832 2622 2907 quorum
2686 2808 2877 2907 origo
2921 2807 2996 2881 in
3039 2805 3240 2881 nobis
3291 2830 3534 2880 sensus

504 2935 641 3015 est,
692 2952 791 3017 ex·
827 2927 1067 3001 eadem
1118 2928 1599 3003 consecutione
1648 2929 1939 3003 eandem
1988 2953 2269 3003 eausam
2316 2928 2728 3027 colligimus.
3539 2932 3546 2939 ’

598 3046 965 3145 Quidquid
1014 3056 1118 3121 est
1162 3048 1350 3146 quod
1398 3072 1678 3121 sensum
1741 3046 2025 3135 habeat,
2068 3047 2151 3120 'id
2194 3072 2471 3121 necesse
2517 3054 2622 3120 est
2683 3048 2933 3121 sentiat
2981 3055 3051 3120 et
3107 3046 3532 3144 voluptatem

453 3172 568 3239 .et
612 3163 933 3239 dolorem.
1041 3165 1297 3239 Omnia
1350 3165 1567 3265 igitur
1612 3165 2023 3253 animantia,
2076 3191 2295 3263 quum
2362 3190 2550 3240 nunc
2611 3166 2682 3239 in
2749 3166 3026 3239 meliore
3089 3189 3296 3240 causa
3361 3164 3534 3250 sint,

497 3306 681 3357 nuno
731 3282 1065 3357 deteriore
1132 3291 1319 3357 statu
1336 3342 1356 3370 ‚
1422 3276 1789 3359 discrimen
1856 3285 2033 3359 illud
2097 3284 2407 3358 sentiunt
2472 3291 2545 3356 et
2610 3287 3037 3382 profitentur.
3137 3282 3532 3381 Voluptatis

502 3402 704 3475 verbo
750 3404 930 3476 duae
969 3428 1079 3475 res
1116 3402 1581 3499 subjiciuntur
1594 3463 1612 3491 ,
1663 3403 1924 3478 laetitia
1962 3404 2035 3477 in
2082 3404 2313 3477 animo
2328 3462 2347 3489 ,
2398 3404 2766 3478 commotio
2813 3402 3040 3475 suavis
3075 3400 3532 3501 jucunditatis

500 3530 568 3590 et
619 3520 957 3617 gaudium
1006 3521 1077 3593 in
1120 3544 1417 3618 corpore.
1520 3522 1628 3597 De
1672 3522 1901 3595 dolore
1954 3523 2137 3595 idem
2193 3522 2389 3595 valet.
2493 3520 3016 3619 Voluptuariam
3067 3510 3527 3595 conditionem

500 3637 754 3712 laetitia
803 3640 1115 3736 sequitur
1132 3700 1152 3728 ,
1198 3639 1558 3739 aegritudo
1606 3643 1983 3716 molestam.
3183 3630 3186 3633 ⁴

595 3759 823 3832 Omne
870 3756 1162 3847 animal,
1214 3760 1630 3858 simulatque
1681 3769 1922 3836 natum
1974 3763 2064 3835 sit
2084 3821 2101 3848 ,
2154 3763 2382 3859 ipsum
2434 3760 2568 3833 sibi
2611 3761 3010 3833 conciliatur
3058 3768 3128 3833 et
3177 3748 3522 3832 commenL

500 3878 701 3950 datur
745 3878 835 3952 ad
888 3903 961 3951 se
1006 3881 1545 3953 conservandum
1568 3940 1585 3966 ,
1638 3890 1709 3953 et
1762 3881 1853 3955 ad
1908 3906 2113 3955 suum
2162 3890 2461 3967 statum,
2513 3904 2730 3977 eaque
2753 3938 2770 3964 ,
2825 3903 3002 3977 quae
3054 3876 3521 3952 conservantia

498 4005 659 4069 sunt
700 3997 848 4095 ejus
889 4004 1111 4071 status
1129 4057 1149 4085 ‚
1199 3998 1587 4096 diligenda;
1637 4000 1976 4073 alienatur
2026 4008 2255 4073 autem
2306 3998 2395 4074 ab
2442 3999 2728 4072 interitu
2772 3998 2995 4095 iisque
3043 3996 3250 4069 rebus
3271 4054 3290 4081 ,
3341 4019 3517 4093 quae

496 4116 844 4189 interitum
898 4117 1259 4191 videantur
1308 4116 1584 4205 afferre3
1634 4118 1711 4190 id
1755 4119 1935 4216 agit,
1981 4125 2064 4190 ut
2114 4118 2211 4191 ita
2262 4120 2353 4191 sit
2404 4117 2726 4192 affectum
2750 4170 2770 4203 ,
2819 4124 2900 4190 ιιι
2965 4116 3224 4214 optime
3275 4137 3516 4187 secun·

497 4235 665 4307 dum
708 4244 1023 4309 naturam
1062 4236 1385 4311 affectum
1424 4260 1571 4309 esse
1612 4234 1847 4332 possit.
1947 4233 2393 4333 Voluptatem
2437 4235 2655 4333 igitur
2694 4235 2957 4332 appetit
2999 4255 3218 4330 eaque
3254 4230 3514 4329 gaudet

496 4362 575 4426 ut
630 4377 900 4427 summo
959 4354 1182 4442 bono;
1253 4355 1555 4441 dolorem
1617 4360 2019 4451 aspernatur
2084 4362 2167 4427 ut
2228 4378 2582 4428 summum
2635 4353 2896 4429 malum
2915 4411 2934 4437 ,
2999 4357 3110 4437 et,
3173 4356 3512 4447 quantum

490 4472 739 4569 possit,
790 4496 831 4545 a
880 4496 954 4545 se
998 4473 1285 4579 repellit.
1383 4473 1829 4571 Voluptatem
1878 4473 2337 4571 expetendam
2358 4532 2373 4559 ‚
2424 4472 2836 4573 fugiendum
2895 4470 3200 4563 dolorem
3253 4466 3504 4552 sentit,

490 4600 572 4665 ut
642 4590 857 4665 calere
930 4592 1200 4691 ignem,
1272 4592 1497 4665 nivem
1571 4616 1718 4665 esse
1790 4591 2051 4676 albam,
2123 4590 2321 4664 dulce
2392 4591 2564 4677 mel,
2637 4614 2930 4688 quorum
2991 4587 3168 4662 nihil
3237 4592 3508 4686 oportet

490 4709 849 4808 exquisitis
894 4710 1277 4783 rationibus
1332 4712 1751 4785 confirmare.
1855 4710 1901 4782 J
1904 4709 2263 4784 ucundum
2312 4718 2582 4783 motum
2603 4769 2620 4795 ‚
2673 4733 2813 4807 quo
2860 4732 3100 4783 sensus
3143 4706 3474 4781 hilaretur
3491 4766 3508 4790 ,

490 4828 783 4923 praefert
821 4828 1055 4903 dolori.
1162 4829 1453 4903 Sensum
1507 4829 1715 4904 habet
1764 4827 1871 4901 sui
1896 4888 1913 4914 ,
1963 4852 2179 4923 eoque
2222 4852 2293 4901 se
2336 4836 2405 4901 et
2456 4853 2581 4903 sua
2620 4828 2865 4928 diligit.
2968 4828 3256 4900 Summa
3297 4826 3512 4927 igitur
