4967 6217
1430 714 1557 783 112
2507 719 2584 785 G.
2653 717 2730 785 A.
2799 695 3358 785 susurrans

1424 924 1749 1002 materiae
1806 924 1878 997 in
1923 921 2321 1021 corporibus
2368 922 2575 1011 vivis;
2629 922 2899 999 addidit
2945 930 3180 998 autem
3240 946 3419 1025 quae
3477 920 3778 995 facerent
3835 920 3926 996 ad
3977 920 4444 997 defensionem

1426 1024 1625 1118 suam
1658 1043 1747 1117 ab
1783 1042 1869 1115 iis
1914 1040 2172 1139 quibus
2206 1041 2712 1140 inculpabatur.
2814 1045 3058 1122 Quum
3097 1043 3276 1117 hanc
3309 1040 3858 1115 dissertationem
3878 1098 3899 1129 ,
3947 1041 4057 1114 vel
4101 1041 4334 1139 potius
4373 1064 4446 1115 se

1422 1161 1569 1260 ipse
1583 1218 1603 1248 ,
1645 1160 2013 1237 defendere
2054 1160 2261 1234 vellet
2277 1218 2297 1249 ,
2348 1160 2750 1235 adversariis
2792 1160 3153 1261 publicum
3197 1160 3448 1235 indixit
3493 1166 3837 1235 certamen
3858 1218 3878 1248 ,
3929 1159 4118 1258 quod
4134 1217 4156 1249 ,
4209 1158 4446 1233 multis

1421 1279 1740 1354 auditum
1776 1287 1846 1353 et
1872 1278 2307 1378 disputatum
2336 1280 2904 1355 concurrentibus
2923 1338 2944 1369 ,
2975 1280 3368 1356 felicissimo
3399 1285 3654 1353 eventu
3689 1302 3831 1353 non
3867 1277 4107 1353 caruit.
4172 1278 4443 1376 Nempe

1416 1398 1501 1473 lis
1576 1399 1675 1474 ita
1741 1398 2253 1499 quodammodo
2322 1401 2661 1474 exstincta
2729 1400 2943 1474 fuisse
2988 1399 3262 1473 videtur
3277 1432 3296 1487 ;
3358 1398 3549 1497 quod
3597 1397 3850 1498 partim
3889 1398 4100 1471 etiam
4146 1396 4442 1485 factum,

1418 1518 1581 1619 quia
1610 1518 1909 1617 collegae
1949 1518 2099 1593 eius
2130 1518 2435 1617 theologi
2472 1526 2812 1593 steterunt
2849 1518 2938 1592 ab
2977 1519 3126 1592 eius
3166 1517 3480 1618 partibus
3496 1575 3516 1605 ,
3547 1516 3999 1616 inprimisque
4027 1516 4448 1603 Bnaumuffi·

1414 1638 1519 1712 vir
1580 1645 1904 1713 strenuus
1970 1645 2041 1712 et
2102 1638 2277 1712 acris
2346 1638 2598 1712 indolis
2669 1636 3124 1736 litigandique
3191 1635 3358 1711 artis
3426 1636 3886 1735 peritissimus
3907 1694 3928 1725 ,
3997 1634 4260 1734 quippe
4325 1634 4442 1733 qui

1412 1758 1643 1855 plures
1692 1758 2023 1832 sustinuit
2070 1757 2269 1846 lites,
2318 1780 2532 1855 quam
2579 1757 2784 1831 multi
2833 1757 3044 1832 duces
3091 1756 3349 1857 proelia
3393 1756 3910 1831 commiserunt.
3955 1840 3974 1851 ⁶

1508 1876 1977 1950 Nihilominus
2037 1878 2562 1951 Bannounnms
2631 1874 2872 1951 multis
2920 1876 3009 1950 de
3067 1874 3289 1951 heresi
3343 1882 3706 1975 suspectus
3753 1873 4044 1961 mansit;
4097 1874 4280 1971 quod
4333 1881 4436 1948 tot

1415 1994 1763 2069 molestias
1812 1995 1877 2069 ei
1918 1995 2217 2094 peperit,
2276 2000 2359 2067 ut
2398 1994 2680 2068 biennio
2737 1996 2969 2094 elapso
3024 2018 3112 2069 ex
3163 1994 3394 2069 litium
3437 1993 3636 2067 initio
3691 1992 4006 2068 nondum
4047 2016 4192 2066 rem
4235 1992 4434 2066 silen-

1409 2115 1510 2189 tio
1570 2115 1930 2189 demittere
1990 2139 2063 2188 se
2110 2138 2311 2213 posse
2361 2122 2690 2189 censeret.
2789 2116 3052 2213 Itaque·
3105 2114 3385 2189 rectoris
3439 2136 3698 2187 munus
3769 2112 4121 2211 deponens
4195 2112 4436 2185 oratio-

1410 2257 1571 2308 nem
1610 2233 1891 2321 habuit,
1943 2257 2156 2331 quam
2196 2233 2345 2331 ipse
2389 2232 2880 2330 profitebatur,
2927 2230 3314 2333 apologiam
3357 2254 3507 2305 esse
3533 2254 3674 2328 pro
3713 2254 3840 2305 sua
3868 2233 4113 2325 fama,
4165 2230 4441 2318 honore,

1410 2352 1753 2450 rehfflom.
2478 2420 2488 2430 .

1499 2468 1764 2543 Eadem
1831 2469 2011 2544 vitae
2060 2470 2343 2569 periodo
2364 2528 2385 2561 ,
2452 2496 2594 2570 qua
2639 2478 2918 2571 propter
2971 2496 3132 2547 suas
3181 2472 3257 2544 in
3301 2469 3632 2569 religione
3685 2468 4044 2569 opiniones
4089 2468 4164 2541 in
4213 2490 4436 2565 repre-

1406 2587 1809 2662 hensionem
1872 2588 2265 2665 incurrebat
2279 2649 2300 2680 ,
2372 2591 2582 2667 simul
2639 2592 2941 2691 insignia
2989 2588 3156 2665 tulit
3195 2590 3609 2665 documenta
3630 2646 3650 2677 ,
3699 2586 3945 2661 merita
3989 2587 4063 2660 in
4115 2585 4438 2660 doctrinis

1408 2709 1595 2781 iusto
1651 2706 1877 2805 pretio
1946 2709 2297 2785 aestim'ari
2351 2710 2751 2809 perrexisse.
2851 2712 3002 2786 Nec
3059 2710 3354 2797 mirum3
3420 2730 3588 2782 nam
3655 2730 3883 2805 quum
3939 2706 4032 2807 in-
4075 2705 4202 2799 hac
4265 2704 4437 2781 urbe

1412 2824 1693 2923 degeret
1768 2848 1906 2899 non
1964 2827 2179 2901 ‘desiit
2227 2830 2531 2903 excolere
2590 2837 2662 2904 et
2705 2832 3027 2929 perficere
3069 2828 3402 2929 analysin.
3503 2827 3690 2903 Cum
3743 2825 4098 2901 academia
4139 2824 4398 2900 Gallica
4418 2882 4440 2913 ,

1399 2942 1789 3041 penultimo
1851 2967 2036 3020 anno
2100 2948 2317 3021 seculi
2377 2946 2628 3023 decimi
2693 2948 3015 3046 septimi,
3086 2973 3266 3023 novo
3327 2946 3534 3023 modo
3591 2953 4149 3046 componeretur,
4231 2945 4311 3020 id
4383 2945 4444 3019 ei

1402 3061 1905 3136 concedebatur
1985 3070 2066 3137 ut
2145 3072 2416 3140 exteros
2490 3074 2643 3142 octo
2709 3066 2925 3143 socios
3001 3066 3137 3141 sibi
3199 3066 3576 3142 adsciscere
3652 3067 3904 3143 liceret.
4025 3066 4226 3139 Inter
4289 3073 4443 3139 octo

1404 3179 1903 3256 eruditissimos
1978 3190 2049 3257 et
2117 3186 2498 3282 praeclaros
2566 3186 2719 3260 illos
2781 3193 3048 3261 exteros
3067 3244 3088 3275 ,
3167 3210 3342 3284 quos
3413 3186 3549 3261 sibi
3615 3185 3905 3285 delegit,
3979 3208 4123 3257 non
4211 3182 4438 3257 solum

1396 3301 1813 3377 an'ronus
1863 3308 1934 3375 et
1977 3302 2409 3379 Lmnm'rms
2451 3305 2736 3380 fuerunt
2756 3365 2775 3394 ,
2827 3306 2951 3380 sed
3001 3304 3212 3381 etiam
3258 3308 3774 3381 Bannonnnms
3821 3312 4130 3401 uterque.
4237 3300 4433 3380 Quin

1402 3444 1621 3519 quum
1675 3421 1956 3495 biennio
2013 3430 2173 3521 post
2232 3424 2509 3498 Elector
2561 3425 3253 3526 Brandenburgensis
3288 3426 3596 3501 Berolini
3643 3423 4061 3501 academiam
4109 3420 4440 3497 doctrinis

1404 3541 1707 3615 colendis
1768 3543 2128 3630 conderet,
2195 3543 2300 3616 illi
2363 3568 2640 3642 quoque
2709 3545 2925 3619 socios
2987 3546 3350 3644 adscripsit
3409 3546 3954 3649 Bannounmos.
4071 3540 4436 3637 Similique

1406 3660 1663 3735 honore
1710 3658 1997 3733 affectus
2044 3669 2152 3733 est
2198 3669 2437 3758 postea
2484 3666 2864 3739 Ionamms
2913 3664 3214 3739 Londini
3234 3723 3253 3754 ,
3305 3666 3631 3740 Boloniae
3679 3673 3752 3739 et
3798 3661 4172 3760 Petropoli.

1500 3775 1917 3851 Academiae
1954 3778 2435 3877 Groninganae
2462 3807 2602 3857 non
2637 3783 2927 3882 contigit
2961 3783 3185 3857 virum
3213 3783 3545 3859 eximium
3583 3807 3806 3881 usque
3835 3782 3928 3857 ad
3967 3780 4236 3855 obitum
4273 3802 4421 3876 pos-

1410 3894 1652 3971 sidere.
1754 3896 2051 3972 Duobus
2102 3898 2335 3973 lustris
2388 3899 2671 3997 elapsiS‚
2737 3924 2862 3998 per
2921 3900 3111 3998 quod
3174 3901 3504 4001 temporis
3558 3902 3858 3999 spatium
3883 3957 3902 3988 ,
3967 3906 4052 3972 ut
4095 3896 4386 3969 vidimus
4405 3952 4426 3983 ,

1408 4038 1546 4088 non
1582 4016 2014 4091 mediocriter
2050 4017 2183 4091 fuit
2212 4025 2369 4115 tum
2402 4020 2828 4118 vituperatus
2869 4028 3023 4093 tum
3058 4008 3475 4108 honoratus,
3515 4020 3720 4095 rediit
3765 4018 3839 4097 in
3883 4018 4128 4091 urbem
4177 4015 4251 4089 in
4295 4040 4430 4113 qua

1404 4134 1479 4208 in
1538 4134 1765 4209 lucem
1826 4134 1964 4209 fuit
2024 4137 2274 4212 editus
2372 4140 2645 4238 Nempe
2709 4138 3128 4237 reliquerant
3180 4139 3283 4215 ibi
3348 4140 3498 4237 ipse
3562 4146 3634 4214 et
3657 4122 3860 4213 ⁶uxor
3897 4144 4224 4238 parentes
4243 4192 4264 4223 ,
4313 4134 4430 4233 qui

1406 4253 1629 4353 magis
1686 4278 1909 4353 usque
1976 4255 2280 4331 reditum
2334 4257 2483 4331 eius
2541 4258 2675 4331 sibi
2728 4258 3223 4356 expetiverunt.
3321 4259 3438 4351 Illi
3501 4258 3840 4335 desiderio
3892 4266 4265 4358 parentum
4309 4254 4460 4345 ob-,

1410 4379 1686 4446 secutus
1732 4374 2036 4474 suscepit
2080 4377 2367 4461 tandem
2418 4400 2581 4450 cum
2629 4378 2772 4450 suis
2814 4377 2946 4451 iter
2977 4368 3070 4451 'in
3112 4378 3442 4477 patriam3
3488 4380 3700 4479 idque
3751 4378 4038 4453 fortasse
4077 4376 4180 4451 ibi
4233 4374 4422 4449 habi·

1402 4496 1627 4565 tatum
1644 4550 1667 4580 ,
1738 4502 1923 4567 certe
1990 4518 2131 4569 non
2200 4502 2283 4571 ut
2342 4496 2604 4569 Gronin
2609 4521 2770 4594 gam
2840 4496 3114 4573 rediret.
3212 4498 3570 4573 Profectus
3632 4506 3868 4573 autem
3933 4504 4039 4569 est
4105 4520 4192 4569 ex
4257 4492 4422 4567 urbe

1404 4615 1639 4681 nostra
1701 4610 1942 4691 eodem
2010 4612 2122 4688 die
2140 4673 2161 4704 ,
2234 4640 2373 4715 quo
2438 4616 2752 4691 Basileae
2807 4616 3332 4691 celebrabantur
3395 4616 3760 4716 exsequiae
3829 4614 4058 4689 fratris
4123 4614 4378 4687 Iacosr
4398 4668 4422 4697 ,

1404 4724 1603 4799 cuius
1670 4728 1953 4804 morbus
2014 4734 2239 4832 gravis
2302 4760 2459 4810 eum
2521 4736 2817 4825 latebat,
2879 4736 3079 4811 cuius
3147 4738 3415 4811 obitum
3479 4737 3554 4811 in
3614 4737 3766 4836 ipso
3829 4736 4076 4809 itinere
4139 4732 4426 4807 demum

1395 4840 1749 4921 intellexit.

2452 5066 2532 5083 τ’..

3801 5120 3838 5147 Ν
