4967 6217
1839 1441 2235 1548 ACTA
2325 1442 2512 1544 ΕΤ
2612 1439 3101 1546 GESTA
3204 1442 3347 1546 IN
3446 1439 4055 1546 SENATU

2013 1806 2678 1893 ACADEMIAE,
2742 1802 3769 1889 LUGDUNO-BATAVA
3790 1804 3874 1885 Ε.

2832 2536 3043 2607 1851.

1431 2773 1564 2844 Die
1630 2775 1721 2845 25
1773 2771 1973 2845 Febr.
2073 2751 2434 2846 Recitatur
2497 2773 2713 2871 Regis
2777 2769 3281 2869 Angustissimi
3332 2769 3688 2843 decretum
3744 2769 3813 2842 d.
3884 2772 3925 2841 5
3976 2769 4182 2843 Febr.
4240 2768 4449 2866 hujus

1763 2891 1961 2978 anni,
2051 2890 2139 2964 de
2221 2891 2613 2965 Cart-amine
2693 2890 3017 2965 literari0·
3057 2889 3473 2963 Academico
3489 2948 3510 2977 ,
3572 2888 3805 2988 Regis
3878 2888 4156 2963 nomine
4232 2895 4442 2985 atque

1766 3008 2193 3108 sumptibus),
2245 3010 2341 3084 sic
2377 3008 2861 3097 instaurand0‚
2907 3015 2990 3083 ut
3034 3008 3401 3106 quotannis
3440 3014 3593 3083 octo
3634 3008 3939 3107 praemia
3977 3032 4180 3082 aurea
4220 3004 4449 3079 tribus

1774 3129 2003 3227 Regni
2086 3129 2481 3204 Academiis
2568 3130 2831 3203 vicibus
2920 3128 3199 3203 alternis
3284 3127 3661 3227 largiantur
3680 3187 3698 3215 ‚
3758 3126 3999 3201 -initio
4084 3126 4261 3199 facto
4356 3124 4449 3196 ab

1768 3249 2143 3323 Academia
2187 3249 2850 3349 Lugduno-Batava.

1425 3486 1557 3557 Die
1631 3491 1717 3559 18
1767 3489 1943 3562 Νον.
2043 3488 2403 3587 Recitatur
2446 3487 2800 3562 decretum
2850 3487 3265 3561 Curatorum
3318 3488 3387 3563 d.
3436 3490 3530 3561 30
3579 3488 3766 3585 Sept.
3827 3487 4009 3559 1851
4033 3542 4054 3572 ,
4103 3507 4245 3581 quo
4283 3484 4451 3556 Pro-

1771 3611 1989 3677 sector
2040 3604 2424 3678 anatomiae
2469 3604 2545 3676 in
2595 3604 2973 3678 Academia
3022 3604 3667 3713 Lugduno-Batava
3706 3614 3977 3681 creatur
4014 3604 4082 3677 J.
4128 3606 4215 3677 A.
4260 3603 4448 3675 Boo-

1777 3745 2026 3795 (ΜΛΝ)
2045 3778 2065 3809 ,
2114 3723 2308 3799 Med.
2357 3722 2617 3797 Doctor
2660 3722 3284 3799 Roterodamensis.
4088 3736 4093 3739 ’

1861 3962 2239 4034 Decretum
2286 3943 2616 4035 recitatur
2665 3960 3002 4060 Regium,
3051 3961 3122 4036 d.
3176 3964 3266 4035 16
3284 3954 3291 3962 ’
3310 3961 3467 4035 Oct.
3526 3984 3665 4059 quo
3704 3962 4005 4059 Adjutor
4046 3920 4449 4057 Interpretis

1765 4080 2012 4179 Legati
2057 4078 2494 4155 Warneriani
2530 4088 2800 4156 creatur
2824 4080 3293 4156 Animus
3324 4081 3673 4171 Kanum,
3718 4083 3980 4157 Doctor
4016 4079 4448 4177 Theologiae.

1855 4318 2076 4393 Aliud
2139 4319 2467 4393 recitatur
2525 4322 2903 4396 Decretum
2972 4318 3277 4419 Regium
3343 4320 3411 4396 d.
3480 4324 3525 4397 7
3585 4322 3740 4396 Oct.
3809 4323 3995 4394 1851
4014 4378 4034 4407 ,
4102 4343 4243 4416 quo
4302 4317 4446 4390 viro

1761 4437 2188 4513 nobilissimo
2257 4440 2351 4514 N.
2410 4462 2507 4513 DE
2570 4436 3001 4529 &summ
3038 4439 3203 4515 'hoc
3261 4440 3562 4545 petenti,
3626 4440 4026 4515 conceditur
4080 4436 4449 4511 honorifica

1768 4558 1979 4633 misso
2027 4560 2334 4635 numeris
2376 4560 2716 4643 Praefecti
2763 4562 3015 4637 Museo
3066 4562 3231 4636 artis
3272 4559 3641 4641 statuariae
3697 4566 3769 4634 et
3815 4554 4412 4657 chalcographicae
4428 4612 4451 4641 ‚

1764 4675 1966 4773 eique
2035 4704 2380 4757 successor
2451 4682 2658 4758 datur
2727 4680 2774 4755 J
2775 4705 3053 4759 neonus
3096 4680 3529 4759 Lunovmus
3588 4680 3922 4768 Coumrr,
3998 4678 4232 4753 Pictor
4290 4673 4447 4749 Lei-

1750 4792 2001 4871 densis.
