4967 6217
1354 684 1630 791 n4·-
2434 668 3292 796 G.A.aNsanna

1452 903 1613 977 Non
1652 908 1885 976 tamen
1915 901 2063 975 iure
2108 900 2271 975 inde
2308 899 2610 975 effeceris
2649 899 2892 973 urbem
2931 898 3120 973 illam
3155 906 3227 973 et
3259 920 3517 973 munus
3539 952 3560 985 ,
3610 922 3750 996 quo
3781 898 3882 973 ibi
3921 899 4340 998 fungebatur
4359 956 4380 987 ,

1356 1024 1419 1094 ei
1464 1020 1888 1096 resarcivisse
1938 1020 2201 1106 omnia,
2268 1018 2526 1119 quibus
2584 1018 2702 1095 hic
2753 1018 3190 1095 valedixerat.
3292 1020 3646 1097 Quaestus
3689 1025 3797 1095 est
3818 1077 3839 1107 ,
3889 1044 3968 1095 ae
4019 1020 4122 1094 ibi
4175 1021 4383 1095 desti-

1357 1148 1590 1213 tutum
1645 1138 1858 1213 fuisse
1906 1140 2121 1239 copiis
2162 1139 2562 1215 necessariis
2610 1148 2690 1213 ut
2733 1138 3086 1238 physicam
3139 1138 3748 1237 experimentalem
3795 1138 4045 1215 coleret
4061 1198 4080 1227 ‚
4129 1140 4390 1237 quibus

1356 1260 1467 1333 hic
1516 1259 1895 1335 fruebatur.
1994 1260 2429 1335 Desideravit
2483 1284 2762 1359 quoque
2815 1267 3058 1357 aptum
3106 1258 3316 1334 huius
3373 1258 3568 1335 urbis
3611 1258 3821 1334 situm
3846 1316 3867 1347 ,
3919 1267 4002 1334 ut
4053 1284 4386 1335 commer-

1352 1380 1537 1452 cium
1601 1378 1951 1453 literarum
2012 1403 2177 1454 cum
2243 1378 2535 1455 eruditis
2601 1380 2892 1455 aliarum
2950 1378 3315 1477 regionum
3365 1377 3614 1465 aleret;
3677 1377 4004 1453 nimirum
4054 1378 4173 1453 illo
4224 1394 4398 1453 aevo·

1354 1498 1755 1573 Provinciae
1798 1498 2218 1575 Foederatae
2262 1500 2546 1575 omnino
2599 1506 2916 1575 centrum
2951 1497 3324 1597 ,quoddam
3365 1505 3564 1573 erant
3612 1496 3826 1573 totius
3872 1497 4060 1573 orbis
4111 1498 4388 1571 eruditi.

1356 1618 1619 1692 Seriore
1685 1642 1843 1691 vero
1908 1623 2133 1693 aetate
2207 1618 2411 1693 aliae·
2448 1626 2800 1716 praeterea
2861 1642 3107 1693 causae
3181 1616 3371 1692 fuere
3392 1675 3412 1705 ,
3497 1642 3622 1693 cur
3689 1618 3924 1691 minus
4002 1618 4388 1691 iucundam

1356 1737 1565 1813 vitam
1614 1736 1925 1812 Basileae
1962 1745 2235 1835 ageret,
2286 1744 2357 1811 et
2388 1732 2514 1811 cur
2553 1737 2662 1810 vel
2705 1758 2914 1811 senex
2949 1735 3024 1811 in
3064 1735 3524 1834 longinquam·
3555 1737 3729 1813 adeo
3765 1737 4002 1813 sedem
4039 1737 4390 1813 literarum

1359 1858 1548 1930 abire
1614 1857 2009 1945 maluisset,
2074 1855 2209 1931 nisi
2248 1856 2425 1933 vires
2462 1855 2717 1929 fractae
2763 1874 2926 1929 eum
2975 1853 3536 1941 admonuissent,
3589 1878 3664 1927 se
3713 1876 3856 1927 non
3899 1852 4104 1951 longe
4155 1854 4391 1931 abesse

1357 2002 1398 2047 a
1454 1977 1592 2050 fine
1664 1976 1845 2049 vitae
1910 1985 1982 2051 et
2050 1974 2367 2051 laborum
2430 1997 2738 2049 suorum.
2859 1971 3058 2047 Obiit
3127 1982 3364 2047 autem
3435 1973 3915 2073 octogenarius
3932 2030 3952 2061 ,
4025 1980 4388 2081 postquam

1360 2094 1650 2192 integris
1725 2093 1986 2169 viribus
2055 2095 2311 2171 mentis
2372 2103 2443 2171 et
2509 2093 2812 2193 corporis
2885 2092 3350 2191 quadraginta·
3417 2093 3596 2169 duos
3663 2118 3882 2171 annos
3945 2093 4268 2192 prodesse
4333 2096 4398 2167 ei

1361 2212 1651 2310 contigit
1698 2213 1816 2287 isti
1863 2214 2254 2289 academiae
2274 2272 2294 2302 ,
2346 2236 2680 2313 quorsum
2729 2221 3075 2312 postremo
3121 2220 3436 2287 cesserat.

1456 2335 1617 2406 Non
1678 2334 1927 2432 longus
1982 2358 2099 2407 ero
2144 2334 2217 2407 in
2260 2333 2780 2423 enumeratione
2817 2332 3172 2409 fructuum
3187 2390 3207 2420 ,
3257 2332 3381 2430 qui
3427 2356 3515 2407 ex
3565 2332 3754 2407 illius
3801 2332 4036 2407 labore·
4085 2356 4210 2428 per
4261 2339 4400 2405 tam

1362 2454 1649 2550 longum
1680 2452 1983 2551 spatium
2006 2451 2077 2525 in
2106 2460 2415 2552 posteros
2442 2452 2943 2529 redundarunt.
3025 2451 3288 2527 Civitas
3325 2452 3476 2527 eius
3501 2451 3660 2528 ideo
3699 2452 3914 2527 etiam
3945 2460 4142 2550 grata
4169 2458 4398 2525 mente

1361 2572 1509 2645 eius
1562 2571 1973 2647 memoriam
2016 2573 2293 2660 recolit,
2321 2560 2508 2671 'quia
2556 2571 2912 2673 publicam
2957 2569 3342 2645 iuventutis
3389 2571 3898 2647 institutionem
3949 2571 4050 2646 ibi
4103 2571 4396 2645 multum

1362 2678 1775 2765 emendavit.
1850 2690 1991 2765 Sed
2036 2702 2389 2790 praeterea
2428 2692 2772 2769 eiusmodi
2803 2690 3137 2766 beneficia
3171 2714 3394 2789 genus
3429 2692 3828 2767 humanum·
3853 2691 3945 2766 ab
3987 2715 4070 2765 eo
4104 2691 4356 2789 accepit
4377 2748 4396 2777 ,

1366 2836 1543 2907 quae
1614 2835 1845 2909 neque
1902 2812 2195 2887 moeniis
2253 2812 2449 2887 urbia
2511 2836 2740 2911 neque
2791 2809 3130 2885 limitibus
3188 2809 3490 2909 regionis
3553 2809 4058 2910 cuiuscumque
4113 2811 4398 2885 circum-

1366 2930 1784 3007 scribuntur.
1886 2932 2227 3009 Scientiae
2266 2933 2502 3032 copias
2519 2990 2540 3022 ,
2589 2932 2868 3007 inventa
2915 2955 3042 3006 sua
3086 2931 3218 3005 toti
3263 2930 3416 3004 orbi
3458 2936 3796 3007 terrarum
3833 2929 4130 3017 obtulit,
4181 2946 4408 3029 neque

1364 3050 1576 3125 ullam
1644 3051 1951 3151 neglexit
2014 3053 2608 3153 opportunitatem
2671 3050 2940 3127 homini
2995 3050 3230 3131 datam
3299 3049 3752 3149 cogitationes
3783 3076 3968 3128 -suas
4031 3076 4198 3126 cum
4254 3050 4409 3125 aliis

1364 3169 1943 3246 communicandi.
2044 3172 2477 3248 Commercio
2521 3172 2874 3257 literarum
2916 3194 3079 3245 cum
3127 3169 3518 3245 Lammno
3565 3170 3850 3269 aliisque
3891 3168 4051 3244 viris
4096 3171 4250 3245 aevi
4291 3172 4402 3247 sui

1262 3342 1273 3357 .
1360 3288 1935 3387 ingeniosissimis
1972 3291 2389 3367 coniunctus
2428 3288 2566 3365 fuit
2610 3289 2753 3367 fere
2793 3290 2886 3365 ad
2927 3295 3224 3365 mortem
3263 3312 3490 3387 usque
3501 3322 3522 3379 3
3567 3288 3668 3365 ita
3705 3297 3788 3363 ut
3821 3290 4154 3387 affirmare
4197 3289 4404 3365 liceat

1364 3408 1451 3481 ab
1513 3408 1633 3483 illo
1696 3411 2115 3486 commercio
2162 3435 2421 3510 paucos
2471 3409 2689 3486 fuisse
2735 3410 3050 3485 exclusos
3069 3466 3090 3499 ,
3139 3410 3264 3508 qui
3305 3410 3398 3485 ad
3443 3410 4048 3509 amplificationem
4101 3410 4404 3508 discipli-

1366 3552 1613 3602 narum
1653 3528 2300 3605 mathematicarum
2338 3539 2412 3605 et
2446 3530 2889 3630 physicarum
2927 3528 3310 3627 symbolam
3343 3529 3780 3606 contulerint.
3853 3532 4018 3609 Quo
4053 3528 4402 3605 literarum

1367 3648 1775 3722 commercio
1822 3672 2001 3723 nova
2039 3649 2321 3725 inventa
2366 3649 2953 3749 praeparabantur
2966 3706 2990 3737 ,
3034 3649 3196 3748 ipsa·
3225 3650 3526 3725 inventa·
3545 3632 4088 3750 explorabantur
4101 3708 4124 3738 ,
4174 3674 4398 3725 emen-

1368 3766 1753 3855 dabantur,
1826 3766 2280 3866 augebantur.
2404 3768 2918 3867 Quodcumque
2989 3768 3138 3868 ipse
3207 3770 3374 3846 satis
3441 3770 3882 3846 excoluisset
3909 3769 4170 3870 publici
4229 3767 4393 3843 iuris

1374 3885 1556 3961 fecit.
1674 3887 1939 3986 Magno
2008 3887 2293 3986 quidem
2358 3912 2650 3967 numero
2713 3896 2878 3964 sunt
2943 3888 3196 3988 scripta
3259 3890 3350 3965 ab
3419 3890 3586 3989 ipso·
3637 3890 3825 3967 edita
3842 3949 3863 3980 ,
3937 3915 4115 3990 quae
4166 3898 4396 3963 nostro

1372 4029 1651 4104 quoque
1698 4013 2009 4105 tempore
2058 4014 2377 4083 teruntur
2422 4015 2498 4082 et·
2545 4030 2818 4083 summa
2863 4005 3315 4083 admiratione
3361 4006 3574 4106 digna
3619 4009 3986 4084 habentur.
4207 4108 4214 4113 ὁ

1466 4126 1608 4199 Sed
1641 4133 1997 4225 praeterea
2028 4150 2153 4225 per
2180 4128 2458 4228 longam
2499 4150 2836 4201 annorum
2875 4126 3122 4201 seriem
3149 4135 3548 4226 praeceptor
3579 4126 3718 4229 fuit
3752 4127 4066 4204 aliorum.
4135 4130 4396 4200 Auctor

1372 4246 1655 4344 quidem
1674 4307 1681 4314 .
1697 4245 1968 4321 fructus
2004 4245 2540 4322 meditationum
2577 4268 2860 4320 suarum
2899 4245 3053 4321 aliis
3083 4246 3330 4333 tradit;
3360 4254 3758 4346 praeceptor
3794 4271 3949 4323 vero
3989 4246 4396 4323 methodum

1372 4390 1571 4439 suam
1591 4423 1610 4452 ‚
1646 4364 2147 4464 cogitationum
2178 4366 2500 4441 intimam
2533 4365 2906 4454 rationem,
2935 4364 3162 4463 ipsam
3195 4380 3392 4441 suam
3413 4374 3720 4443 mentem
3751 4374 3822 4442 et
3841 4367 4155 4444 animum
4191 4390 4395 4441 suum

1374 4508 1535 4557 cum
1584 4485 1737 4559 aliis
1790 4486 2299 4561 communicare
2352 4486 2553 4562 valet.
2656 4486 2850 4563 Quot
2890 4493 3124 4561 autem
3177 4485 3473 4574 fuerint,
3524 4486 3780 4586 quibus
3830 4488 4096 4563 occasio
4137 4486 4272 4561 fuit
4318 4510 4394 4561 ea

1371 4602 1751 4699 accipiendi
1786 4629 1827 4677 a
1862 4604 2345 4682 Bnmzounuo
2366 4666 2386 4696 ,
2417 4630 2597 4704 quae
2639 4605 2972 4681 librorum
3002 4606 3292 4682 lectione
3325 4606 3516 4682 haud
3555 4606 3958 4695 traduntur,
3997 4604 4162 4681 inde
4197 4605 4390 4680 intel-

1372 4720 1649 4819 ligitur,
1689 4723 1879 4820 quod
1912 4748 2050 4799 non
2088 4727 2315 4802 solum
2348 4728 2634 4801 iuvenes
2669 4725 2744 4799 in
2781 4726 3162 4815 academia,
3195 4727 3267 4801 in
3305 4750 3447 4827 qua
3483 4724 3812 4815 docebat,
3857 4725 4107 4801 studiis
4138 4724 4356 4799 dediti
4375 4766 4407 4811 ,·

1373 4840 1495 4914 sed
1542 4840 1748 4915 etiam
1794 4841 2275 4942 undecumque
2314 4872 2397 4921 ex
2435 4845 2754 4928 universa
2791 4870 3008 4944 paene
3053 4846 3332 4944 Europa
3365 4845 3570 4919 multi
3608 4844 4032 4921 confluerent
4065 4843 4158 4917 ad
4191 4868 4348 4917 eum
4375 4901 4394 4930 ,
