4967 6217
1466 710 1849 776 SERIES
1938 707 2595 776 LECTIONUM.
3453 712 3538 776 83

618 920 988 993 Botanicee
1048 924 1120 992 et
1180 916 1661 1014 Physioloqiae
1710 917 2103 1012 plantarum
2151 916 2477 990 elementa
2524 921 2820 1012 exponet
2874 914 2953 988 C.
3001 914 3086 1016 A.
3133 915 3491 988 Bzaosm
3513 973 3532 1000 ‚

520 1035 767 1112 diebus
812 1037 1017 1110 lunae
1040 1093 1061 1124 ,
1109 1035 1349 1110 martis
1396 1039 1467 1106 et
1512 1033 1867 1120 mercurii,
1916 1033 2085 1106 hora
2131 1033 2266 1107 XI.

614 1156 1017 1230 Batanicam
1088 1155 1471 1228 Historiam
1521 1152 1923 1248 plantarum
1984 1152 2473 1224 medicinalium
2531 1151 2612 1226 G.
2668 1153 2756 1226 A.
2821 1151 3180 1225 Banasam
3200 1209 3221 1239 ‚
3287 1150 3532 1225 diebus

518 1273 722 1348 lunae
770 1282 842 1348 et
888 1273 1125 1348 martis
1143 1330 1163 1360 ,
1210 1271 1379 1345 hora
1424 1271 1597 1344 XII.

618 1395 1041 1466 Anatomiam
1048 1393 1447 1488 plantarum
1470 1389 1551 1463 C.
1574 1388 1661 1462 A.
1684 1389 2043 1462 BaaosuA
2057 1446 2076 1475 ‚
2098 1387 2345 1461 diebus
2368 1394 2438 1462 et
2457 1386 2643 1460 horis
2665 1387 3098 1461 auditoribus
3124 1388 3526 1463 commodis.

564 1571 575 1580 .
622 1514 1080 1587 oeconomiam
1114 1509 1409 1582 ruralem
1446 1507 1527 1583 C.
1549 1510 1638 1583 A.
1659 1507 2053 1595 Banasam,
2092 1507 2339 1580 diebus
2373 1506 2694 1581 mercurii
2714 1515 2784 1579 et
2811 1508 3112 1594 saturni,
3154 1509 3322 1582 hora
3342 1509 3491 1582 XII
3513 1567 3532 1596 ‚

516 1631 694 1705 duce
732 1627 1140 1727 compendio
1182 1651 1341 1702 suo:
1394 1627 1775 1701 Handboek
1818 1653 1975 1701 voor
2021 1628 2105 1702 de
2154 1627 2229 1698 V
2218 1627 2700 1702 aderlandeche
2747 1626 3500 1704 Landhuishoudkunde
3517 1688 3536 1716 ‚

515 1749 623 1824 ed.
674 1748 853 1822 Trai.
904 1747 997 1821 ad
1042 1746 1268 1821 Rhen.
1324 1748 1537 1821 1842.

608 1869 1142 1943 Eoecureionibus
1185 1867 1545 1940 Batanieis
1598 1865 1889 1965 singulis
1936 1865 2490 1942 hebdomadibus
2536 1862 2828 1961 praeerit
2877 1863 2958 1938 C.
3009 1865 3096 1939 A.
3147 1865 3533 1940 Baaosma.

612 1989 997 2087 Zoo'loqiam
1030 1986 1164 2059 ΤΗ.
1205 1987 1291 2059 G.
1339 2009 1488 2058 vm
1522 1986 1765 2059 ΙιιΒτΗ
1798 2009 1895 2059 nn
1925 1987 2157 2060 ΙΒΒΒΒ
2179 2042 2199 2071 ,
2249 1984 2498 2058 diebus
2545 1985 2750 2059 lunae
2797 1991 2868 2058 et
2904 1986 3143 2060 martis
3165 2045 3184 2072 ‚
3233 1986 3402 2060 hora
3436 1987 3531 2063 X.

610 2107 1035 2180 Anatomiam
1064 2111 1514 2200 comparatam
1545 2103 1680 2178 Tu.
1714 2106 1799 2178 G.
1830 2127 1979 2177 van
2002 2104 2247 2178 Luam
2278 2127 2373 2177 ΒΒ
2402 2104 2635 2178 Imma
2659 2162 2680 2192 ‚
2715 2103 2830 2178 dio
2854 2105 3212 2193 mercurii,
3249 2105 3420 2180 hora
3441 2107 3533 2181 X.

558 2264 575 2270 -
607 2226 981 2299 Anatomen
1040 2229 1111 2295 et
1171 2223 1671 2322 Phyeioloqiam
1695 2225 2099 2321 plantarum
2150 2223 2425 2300 docebit
2468 2224 2550 2301 P.
2594 2223 2948 2298 Hammo
2967 2282 2986 2311 ,
3039 2225 3286 2300 diebus
3328 2225 3532 2302 lunae

512 2349 585 2416 et
628 2341 800 2417 iovis
818 2401 837 2430 ‚
889 2341 1057 2415 hora
1102 2341 1571 2438 pomeridiana
1617 2344 1717 2417 II.

606 2461 1234 2536 Eoeercitationibua
1300 2464 1370 2534 in
1446 2451 1569 2534 neu
1632 2463 2046 2558 microecopii
2120 2462 2367 2536 studiis
2434 2462 2814 2536 zoo'tomicik
2837 2517 2858 2548 ‚
2916 2461 3395 2557 plqytotomicia
3473 2470 3543 2534 et

510 2583 815 2656 chemicis
861 2581 1199 2676 applicato
1249 2579 1557 2676 quotidie
1592 2579 1899 2676 praeerit
1944 2579 2023 2653 P.
2074 2565 2448 2652 HAarmd.

603 2701 1095 2774 Astronomiam
1160 2699 1587 2771 theoreticam
1656 2705 1728 2772 et
1763 2699 2148 2794 practicam
2212 2703 2458 2794 quater
2520 2719 2644 2794 per
2701 2697 2974 2770 dierum
3021 2695 3534 2771 hebdomadem

511 2818 736 2892 tradet
768 2819 859 2891 A.
888 2817 959 2889 S.
988 2816 1199 2890 Runa
1217 2872 1238 2903 ,
1275 2815 1753 2890 Astronomiae
1774 2816 2059 2904 Lector,
2096 2815 2345 2890 diebus
2370 2821 2440 2888 et
2462 2815 2650 2888 horis
2671 2815 3104 2890 auditoribus
3131 2816 3534 2893 commodiS.

612 2937 1101 3011 Astronomiam
1137 2935 1527 3032 popularem
1543 2991 1564 3022 ,
1612 2934 1721 3007 his
1763 2959 1889 3032 per
1930 2933 2199 3008 dierum
2238 2933 2744 3010 hebdomadem
2766 2992 2786 3022 ,
2837 2934 2924 3011 A.
2971 2935 3042 3008 S.
3089 2935 3298 3009 Runa
3318 2992 3339 3024 ‚
3390 2935 3532 3008 die-

510 3055 645 3129 bus
692 3061 765 3130 et
810 3052 995 3128 horis
1041 3051 1472 3126 auditoribus
1518 3053 1919 3127 commodis‘.
2739 3091 2750 3104 ·

602 3175 964 3249 Elementa
1010 3173 1380 3246 matheseos
1420 3172 1695 3246 docebit
1738 3173 1817 3247 C.
1856 3173 1954 3249 H.
1993 3174 2083 3248 D.
2120 3173 2321 3248 Burs
2355 3172 2658 3245 BALLo‘r
2682 3229 2701 3258 ,
2745 3170 3053 3268 quotidie
3073 3228 3092 3257 ‚
3136 3170 3304 3244 hora
3323 3171 3530 3246 VIII.

610 3294 1155 3368 Stereometriam
1175 3348 1195 3377 ‚
1245 3294 1809 3389 tmfflmetriam
1844 3292 2262 3388 sphaericam
2306 3297 2377 3364 et
2416 3291 2754 3389 alyehram
2798 3288 3106 3387 quotidie
3125 3347 3145 3376 ,
3195 3288 3364 3362 hora
3396 3289 3531 3362 IX.

612 3414 1057 3488 Geometriam
1126 3412 1593 3506 deecmptivam
1662 3409 1888 3482 tradet
1954 3409 2038 3484 C.
2106 3408 2205 3483 H.
2268 3408 2362 3482 D.
2430 3409 2632 3482 Burs
2689 3408 2990 3480 Bienor
3011 3464 3030 3493 ‚
3101 3414 3260 3504 post
3324 3407 3530 3481 ferias

508 3530 837 3604 hiemales
886 3529 1132 3601 diebus
1180 3527 1384 3600 lunae
1405 3585 1424 3613 ‚
1474 3526 1712 3600 martis
1759 3533 1832 3598 et
1878 3525 2231 3613 mercurii,
2280 3525 2449 3600 hora
2497 3525 2670 3600 XII.
3278 3623 3282 3626 θ

620 3648 955 3722 Calcatum
1020 3645 1536 3742 differentialem
1595 3651 1893 3743 exponet
1954 3645 2033 3719 C.
2089 3645 2187 3719 H.
2236 3646 2325 3720 D.
2366 3645 2567 3720 Burs
2612 3645 2910 3716 BAmm·
2974 3642 3342 3742 quinquies
3405 3671 3528 3744 per

510 3767 779 3842 dierum
827 3763 1330 3839 hebdomadem
1354 3820 1375 3851 ,
1410 3762 1590 3837 ‘hora
1635 3763 1771 3840 XI.

601 3884 1307 3985 ffletalloyraphiam
1326 3884 1857 3984 mathematicam
1886 3885 1987 3956 ad
1996 3884 2358 3956 mineralia
2380 3883 2790 3979 applicatam
2813 3881 3181 3981 explicabit
3205 3883 3284 3957 C.
3308 3883 3404 3957 H.
3429 3883 3518 3956 D.

506 4009 705 4083 Burs
740 4005 1042 4078 Bumo'r
1066 4060 1087 4090 ‚
1123 4008 1283 4100 post
1320 4001 1523 4076 ferias
1556 4001 1885 4076 hiemales
1909 4000 2157 4074 diebus
2177 4000 2388 4088 iovis,
2428 4001 2694 4073 veneris
2721 4008 2789 4074 et
2821 4001 3118 4088 saturni,
3157 4000 3326 4074 hora
3346 4000 3520 4073 XII.

608 4125 1137 4221 Mineraloyiam
1180 4128 1251 4196 et
1302 4123 1683 4221 Geoloqiam
1720 4126 2017 4219 exponet
2058 4120 2137 4193 P.
2188 4121 2251 4194 I.
2294 4120 2355 4195 Ι.
2403 4141 2502 4193 ΒΕ
2543 4119 2902 4194 Famam(
2941 4127 3046 4194 ter
3090 4142 3211 4217 per
3253 4118 3523 4190 dierum

514 4241 1014 4318 hebdomadem
1028 4297 1049 4328 ,
1097 4239 1265 4315 hora
1311 4239 1745 4328 auditoribus
1768 4238 2177 4315 commoda.

614 4359 1103 4459 Geoyraphiam
1134 4360 1493 4457 physicam
1541 4357 1817 4432 docebit
1856 4359 1937 4434 P.
1986 4360 2045 4433 I.
2088 4359 2153 4434 Ι.
2196 4381 2299 4433 ΒΕ
2338 4358 2697 4432 Famam
2734 4356 2844 4430 bis
2881 4380 3004 4453 per
3043 4355 3312 4428 dierum
3353 4354 3526 4428 heb·
3615 4385 3625 4392 ·<

509 4480 875 4558 domadem
892 4535 915 4566 ,
964 4479 1129 4551 hora
1177 4478 1609 4552 auditoribus
1656 4477 2039 4552 commoda.

608 4601 720 4674 De
776 4598 1193 4672 ordinandis
1226 4604 1299 4670 et
1336 4598 1891 4671 administrandis
1924 4598 2199 4694 officinis
2216 4593 2788 4693 pharmaceuticia
2817 4590 3160 4691 imprimis
3205 4591 3278 4666 in
3319 4617 3524 4668 usum

512 4718 937 4794 medicorum
994 4713 1142 4788 ruri
1198 4713 1602 4812 degentium
1652 4714 1864 4788 semel
1920 4736 2046 4812 per
2092 4710 2358 4786 dierum
2418 4711 2924 4786 hebdomadem
2972 4735 3353 4787 sermonem
3407 4713 3525 4786 ha·

516 4837 710 4913 bebit
754 4836 835 4914 P.
885 4835 947 4910 I.
997 4834 1057 4910 I.
1110 4855 1207 4908 ΒΕ
1253 4833 1611 4910 Famam(
1629 4891 1651 4927 ,
1701 4833 1865 4908 hora
1914 4829 2347 4908 auditoribus
2394 4831 2772 4906 commoda.

3009 4955 3090 5024 11
3112 4951 3153 4994 *
3251 4958 3267 4964 ’
