<?xml version="1.0" encoding="UTF-8"?>
<!DOCTYPE html PUBLIC "-//W3C//DTD XHTML 1.0 Transitional//EN"
    "http://www.w3.org/TR/xhtml1/DTD/xhtml1-transitional.dtd">
<html xmlns="http://www.w3.org/1999/xhtml" xml:lang="en" lang="en">
 <head>
  <title>
</title>
<meta http-equiv="Content-Type" content="text/html;charset=utf-8" />
  <meta name='ocr-system' content='tesseract 3.04.00' />
  <meta name='ocr-capabilities' content='ocr_page ocr_carea ocr_par ocr_line ocrx_word'/>
</head>
<body>
  <div class='ocr_page' id='page_1' title='image "annalesacademic24unkngoog_0039.png"; bbox 0 0 4967 6217; ppageno 0'>
   <div class='ocr_carea' id='block_1_1' title="bbox 1779 687 3565 759">
    <p class='ocr_par' dir='ltr' id='par_1_1' title="bbox 1779 687 3565 759">
     <span class='ocr_line' id='line_1_1' title="bbox 1779 687 3565 759; baseline -0.001 -3"><span class='ocrx_word' id='word_1_1' title='bbox 1779 687 2333 759; x_wconf 81' lang='lat' dir='ltr'><strong>ORATIO.</strong></span> <span class='ocrx_word' id='word_1_2' title='bbox 3482 690 3565 755; x_wconf 77' lang='lat'>29</span> 
     </span>
    </p>
   </div>
   <div class='ocr_carea' id='block_1_2' title="bbox 427 894 3569 1827">
    <p class='ocr_par' dir='ltr' id='par_1_2' title="bbox 427 894 3565 1471">
     <span class='ocr_line' id='line_1_2' title="bbox 543 894 3562 1007; baseline -0.003 -30"><span class='ocrx_word' id='word_1_3' title='bbox 543 899 851 1007; x_wconf 81' lang='lat' dir='ltr'>publice:</span> <span class='ocrx_word' id='word_1_4' title='bbox 891 941 988 956; x_wconf 89' lang='lat'>—</span> <span class='ocrx_word' id='word_1_5' title='bbox 1026 900 1358 974; x_wconf 88' lang='lat' dir='ltr'>Museum</span> <span class='ocrx_word' id='word_1_6' title='bbox 1398 894 1698 996; x_wconf 88' lang='lat' dir='ltr'>denique</span> <span class='ocrx_word' id='word_1_7' title='bbox 1739 897 2157 973; x_wconf 86' lang='lat' dir='ltr'>Numarium</span> <span class='ocrx_word' id='word_1_8' title='bbox 2178 955 2199 986; x_wconf 90' lang='lat'>‚</span> <span class='ocrx_word' id='word_1_9' title='bbox 2248 920 2386 972; x_wconf 94' lang='lat' dir='ltr'>non</span> <span class='ocrx_word' id='word_1_10' title='bbox 2423 900 2509 971; x_wconf 90' lang='lat' dir='ltr'>ut</span> <span class='ocrx_word' id='word_1_11' title='bbox 2542 896 2735 971; x_wconf 90' lang='lat' dir='ltr'>vobis</span> <span class='ocrx_word' id='word_1_12' title='bbox 2773 919 3096 971; x_wconf 86' lang='lat' dir='ltr'><strong>nummos</strong></span> <span class='ocrx_word' id='word_1_13' title='bbox 3130 901 3527 993; x_wconf 85' lang='lat' dir='ltr'>computem</span> <span class='ocrx_word' id='word_1_14' title='bbox 3542 953 3562 983; x_wconf 92' lang='lat'>‚</span> 
     </span>
     <span class='ocr_line' id='line_1_3' title="bbox 545 1015 3563 1119; baseline -0.002 -25"><span class='ocrx_word' id='word_1_15' title='bbox 545 1019 802 1117; x_wconf 85' lang='lat' dir='ltr'>quibus</span> <span class='ocrx_word' id='word_1_16' title='bbox 825 1078 844 1107; x_wconf 91' lang='lat'>,</span> <span class='ocrx_word' id='word_1_17' title='bbox 893 1019 1152 1119; x_wconf 82' lang='lat' dir='ltr'>insigni</span> <span class='ocrx_word' id='word_1_18' title='bbox 1196 1043 1358 1093; x_wconf 88' lang='lat' dir='ltr'>sane</span> <span class='ocrx_word' id='word_1_19' title='bbox 1398 1040 1721 1104; x_wconf 88' lang='lat' dir='ltr'>numero,</span> <span class='ocrx_word' id='word_1_20' title='bbox 1770 1017 1899 1092; x_wconf 92' lang='lat' dir='ltr'>hoc</span> <span class='ocrx_word' id='word_1_21' title='bbox 1932 1042 2112 1092; x_wconf 88' lang='lat' dir='ltr'>anno</span> <span class='ocrx_word' id='word_1_22' title='bbox 2152 1025 2434 1093; x_wconf 86' lang='lat' dir='ltr'>auctum</span> <span class='ocrx_word' id='word_1_23' title='bbox 2475 1024 2613 1105; x_wconf 90' lang='lat' dir='ltr'>est,</span> <span class='ocrx_word' id='word_1_24' title='bbox 2666 1016 2789 1091; x_wconf 90' lang='lat' dir='ltr'>sed</span> <span class='ocrx_word' id='word_1_25' title='bbox 2829 1040 2917 1089; x_wconf 88' lang='lat' dir='ltr'>ne</span> <span class='ocrx_word' id='word_1_26' title='bbox 2960 1022 3027 1089; x_wconf 90' lang='lat' dir='ltr'>te</span> <span class='ocrx_word' id='word_1_27' title='bbox 3065 1015 3563 1113; x_wconf 89' lang='lat' dir='ltr'>ingratulatum</span> 
     </span>
     <span class='ocr_line' id='line_1_4' title="bbox 546 1133 3563 1230; baseline -0.001 -19"><span class='ocrx_word' id='word_1_28' title='bbox 546 1137 894 1211; x_wconf 75' lang='lat' dir='ltr'>dimittam</span> <span class='ocrx_word' id='word_1_29' title='bbox 915 1196 937 1226; x_wconf 91' lang='lat'>,</span> <span class='ocrx_word' id='word_1_30' title='bbox 986 1137 1091 1212; x_wconf 83' lang='lat' dir='ltr'>Ol.</span> <span class='ocrx_word' id='word_1_31' title='bbox 1139 1159 1290 1211; x_wconf 74' lang='lat' dir='ltr'>vAN</span> <span class='ocrx_word' id='word_1_32' title='bbox 1337 1158 1486 1208; x_wconf 75' lang='lat' dir='ltr'>nnn</span> <span class='ocrx_word' id='word_1_33' title='bbox 1529 1135 1788 1206; x_wconf 79' lang='lat' dir='ltr'>Cmss!</span> <span class='ocrx_word' id='word_1_34' title='bbox 1860 1134 2198 1207; x_wconf 85' lang='lat' dir='ltr'>Numario</span> <span class='ocrx_word' id='word_1_35' title='bbox 2246 1134 2408 1207; x_wconf 91' lang='lat' dir='ltr'>huic</span> <span class='ocrx_word' id='word_1_36' title='bbox 2450 1134 2883 1209; x_wconf 81' lang='lat' dir='ltr'><strong>Praefectum</strong></span> <span class='ocrx_word' id='word_1_37' title='bbox 2901 1191 2921 1221; x_wconf 91' lang='lat'>,</span> <span class='ocrx_word' id='word_1_38' title='bbox 2972 1134 3059 1207; x_wconf 88' lang='lat' dir='ltr'>de</span> <span class='ocrx_word' id='word_1_39' title='bbox 3100 1133 3335 1207; x_wconf 82' lang='lat' dir='ltr'>eximii</span> <span class='ocrx_word' id='word_1_40' title='bbox 3371 1158 3563 1230; x_wconf 91' lang='lat' dir='ltr'>prae-</span> 
     </span>
     <span class='ocr_line' id='line_1_5' title="bbox 545 1251 3565 1353; baseline -0.001 -24"><span class='ocrx_word' id='word_1_41' title='bbox 545 1255 822 1353; x_wconf 88' lang='lat' dir='ltr'>mioque</span> <span class='ocrx_word' id='word_1_42' title='bbox 887 1256 1110 1331; x_wconf 87' lang='lat' dir='ltr'>ornati</span> <span class='ocrx_word' id='word_1_43' title='bbox 1169 1254 1420 1329; x_wconf 85' lang='lat' dir='ltr'>laboris</span> <span class='ocrx_word' id='word_1_44' title='bbox 1479 1252 1582 1325; x_wconf 92' lang='lat' dir='ltr'>tui</span> <span class='ocrx_word' id='word_1_45' title='bbox 1645 1260 1839 1350; x_wconf 85' lang='lat' dir='ltr'>parte</span> <span class='ocrx_word' id='word_1_46' title='bbox 1889 1252 2112 1349; x_wconf 89' lang='lat' dir='ltr'>prima</span> <span class='ocrx_word' id='word_1_47' title='bbox 2161 1253 2557 1349; x_wconf 88' lang='lat' dir='ltr'>nuperrime</span> <span class='ocrx_word' id='word_1_48' title='bbox 2604 1252 2789 1327; x_wconf 87' lang='lat' dir='ltr'>edita</span> <span class='ocrx_word' id='word_1_49' title='bbox 2808 1310 2828 1339; x_wconf 88' lang='lat'>,</span> <span class='ocrx_word' id='word_1_50' title='bbox 2889 1251 3229 1327; x_wconf 86' lang='lat' dir='ltr'>eiusmodi</span> <span class='ocrx_word' id='word_1_51' title='bbox 3276 1253 3565 1351; x_wconf 85' lang='lat' dir='ltr'>quippe,</span> 
     </span>
     <span class='ocr_line' id='line_1_6' title="bbox 427 1358 2474 1471; baseline -0.001 -25"><span class='ocrx_word' id='word_1_52' title='bbox 427 1384 434 1390; x_wconf 83' lang='lat'>&#39;</span> <span class='ocrx_word' id='word_1_53' title='bbox 549 1381 630 1447; x_wconf 86' lang='lat' dir='ltr'>ut</span> <span class='ocrx_word' id='word_1_54' title='bbox 677 1374 787 1449; x_wconf 86' lang='lat' dir='ltr'>vel</span> <span class='ocrx_word' id='word_1_55' title='bbox 837 1375 980 1450; x_wconf 82' lang='lat' dir='ltr'>sola</span> <span class='ocrx_word' id='word_1_56' title='bbox 1027 1373 1424 1471; x_wconf 86' lang='lat' dir='ltr'>Teyleriano</span> <span class='ocrx_word' id='word_1_57' title='bbox 1473 1394 1640 1445; x_wconf 89' lang='lat' dir='ltr'>auro</span> <span class='ocrx_word' id='word_1_58' title='bbox 1687 1358 2001 1445; x_wconf 58' lang='lat' dir='ltr'>&#39;videatur</span> <span class='ocrx_word' id='word_1_59' title='bbox 2049 1368 2474 1467; x_wconf 87' lang='lat' dir='ltr'>dignissima.</span> 
     </span>
    </p>

    <p class='ocr_par' dir='ltr' id='par_1_3' title="bbox 543 1486 3569 1827">
     <span class='ocr_line' id='line_1_7' title="bbox 639 1486 3569 1585; baseline -0.001 -19"><span class='ocrx_word' id='word_1_60' title='bbox 639 1492 750 1565; x_wconf 87' lang='lat' dir='ltr'>De</span> <span class='ocrx_word' id='word_1_61' title='bbox 805 1492 1047 1566; x_wconf 90' lang='lat' dir='ltr'>ceteris</span> <span class='ocrx_word' id='word_1_62' title='bbox 1111 1514 1270 1564; x_wconf 91' lang='lat' dir='ltr'>vero</span> <span class='ocrx_word' id='word_1_63' title='bbox 1323 1488 1594 1563; x_wconf 86' lang='lat' dir='ltr'>Museis</span> <span class='ocrx_word' id='word_1_64' title='bbox 1647 1488 1901 1562; x_wconf 90' lang='lat' dir='ltr'>nostris</span> <span class='ocrx_word' id='word_1_65' title='bbox 1960 1486 2090 1561; x_wconf 90' lang='lat' dir='ltr'>hoc</span> <span class='ocrx_word' id='word_1_66' title='bbox 2151 1486 2346 1560; x_wconf 86' lang='lat' dir='ltr'>vobis</span> <span class='ocrx_word' id='word_1_67' title='bbox 2361 1544 2382 1575; x_wconf 90' lang='lat'>‚</span> <span class='ocrx_word' id='word_1_68' title='bbox 2431 1487 2541 1561; x_wconf 88' lang='lat' dir='ltr'>vel</span> <span class='ocrx_word' id='word_1_69' title='bbox 2583 1511 2697 1561; x_wconf 86' lang='lat' dir='ltr'>me</span> <span class='ocrx_word' id='word_1_70' title='bbox 2742 1493 3012 1561; x_wconf 85' lang='lat' dir='ltr'>tacente</span> <span class='ocrx_word' id='word_1_71' title='bbox 3029 1545 3050 1574; x_wconf 91' lang='lat'>,</span> <span class='ocrx_word' id='word_1_72' title='bbox 3097 1487 3569 1585; x_wconf 79' lang='lat' dir='ltr'>persuadeatis</span> 
     </span>
     <span class='ocr_line' id='line_1_8' title="bbox 543 1606 3566 1707; baseline 0 -26"><span class='ocrx_word' id='word_1_73' title='bbox 543 1608 748 1684; x_wconf 88' lang='lat' dir='ltr'>velim</span> <span class='ocrx_word' id='word_1_74' title='bbox 771 1667 790 1696; x_wconf 91' lang='lat'>,</span> <span class='ocrx_word' id='word_1_75' title='bbox 857 1608 1090 1683; x_wconf 89' lang='lat' dir='ltr'>omnia</span> <span class='ocrx_word' id='word_1_76' title='bbox 1150 1608 1268 1682; x_wconf 84' lang='lat' dir='ltr'>illa</span> <span class='ocrx_word' id='word_1_77' title='bbox 1289 1665 1310 1697; x_wconf 99' lang='lat'>,</span> <span class='ocrx_word' id='word_1_78' title='bbox 1371 1608 1508 1683; x_wconf 90' lang='lat' dir='ltr'>nisi</span> <span class='ocrx_word' id='word_1_79' title='bbox 1547 1614 1863 1682; x_wconf 86' lang='lat' dir='ltr'>crescunt</span> <span class='ocrx_word' id='word_1_80' title='bbox 1899 1613 2234 1706; x_wconf 87' lang='lat' dir='ltr'>perpetuo</span> <span class='ocrx_word' id='word_1_81' title='bbox 2253 1663 2272 1694; x_wconf 91' lang='lat'>,</span> <span class='ocrx_word' id='word_1_82' title='bbox 2322 1613 2395 1682; x_wconf 89' lang='lat' dir='ltr'>at</span> <span class='ocrx_word' id='word_1_83' title='bbox 2436 1613 2622 1703; x_wconf 82' lang='lat' dir='ltr'>certe</span> <span class='ocrx_word' id='word_1_84' title='bbox 2670 1607 2893 1682; x_wconf 87' lang='lat' dir='ltr'>valere</span> <span class='ocrx_word' id='word_1_85' title='bbox 2939 1606 3111 1681; x_wconf 88' lang='lat' dir='ltr'>adeo</span> <span class='ocrx_word' id='word_1_86' title='bbox 3131 1665 3151 1694; x_wconf 89' lang='lat'>,</span> <span class='ocrx_word' id='word_1_87' title='bbox 3200 1614 3283 1681; x_wconf 93' lang='lat' dir='ltr'>ut</span> <span class='ocrx_word' id='word_1_88' title='bbox 3331 1607 3566 1707; x_wconf 84' lang='lat' dir='ltr'>singu·</span> 
     </span>
     <span class='ocr_line' id='line_1_9' title="bbox 543 1714 3149 1827; baseline -0.001 -26"><span class='ocrx_word' id='word_1_89' title='bbox 543 1728 766 1801; x_wconf 82' lang='lat' dir='ltr'>larum</span> <span class='ocrx_word' id='word_1_90' title='bbox 817 1726 1338 1827; x_wconf 86' lang='lat' dir='ltr'>disciplinarum</span> <span class='ocrx_word' id='word_1_91' title='bbox 1385 1726 1636 1803; x_wconf 84' lang='lat' dir='ltr'>studiis</span> <span class='ocrx_word' id='word_1_92' title='bbox 1683 1725 1932 1801; x_wconf 90' lang='lat' dir='ltr'>eximie</span> <span class='ocrx_word' id='word_1_93' title='bbox 1978 1726 2264 1825; x_wconf 88' lang='lat' dir='ltr'>prosint.</span> <span class='ocrx_word' id='word_1_94' title='bbox 3141 1714 3149 1720; x_wconf 67' lang='grc'><strong>’</strong></span> 
     </span>
    </p>
   </div>
   <div class='ocr_carea' id='block_1_3' title="bbox 497 2321 3613 4442">
    <p class='ocr_par' dir='ltr' id='par_1_4' title="bbox 545 2321 3613 2994">
     <span class='ocr_line' id='line_1_10' title="bbox 641 2321 3572 2425; baseline 0.001 -28"><span class='ocrx_word' id='word_1_95' title='bbox 641 2322 840 2397; x_wconf 87' lang='lat' dir='ltr'>Haec</span> <span class='ocrx_word' id='word_1_96' title='bbox 882 2321 1099 2421; x_wconf 84' lang='lat' dir='ltr'>igitur</span> <span class='ocrx_word' id='word_1_97' title='bbox 1144 2324 1231 2397; x_wconf 94' lang='lat' dir='ltr'>A.</span> <span class='ocrx_word' id='word_1_98' title='bbox 1282 2325 1369 2399; x_wconf 87' lang='lat' dir='ltr'>A.</span> <span class='ocrx_word' id='word_1_99' title='bbox 1417 2324 1586 2398; x_wconf 89' lang='lat' dir='ltr'>haec</span> <span class='ocrx_word' id='word_1_100' title='bbox 1627 2330 1792 2398; x_wconf 84' lang='lat' dir='ltr'>sunt</span> <span class='ocrx_word' id='word_1_101' title='bbox 1840 2348 2096 2423; x_wconf 88' lang='lat' dir='ltr'>magna</span> <span class='ocrx_word' id='word_1_102' title='bbox 2135 2321 2288 2412; x_wconf 87' lang='lat' dir='ltr'>illa,</span> <span class='ocrx_word' id='word_1_103' title='bbox 2355 2324 2613 2423; x_wconf 89' lang='lat' dir='ltr'>quibus</span> <span class='ocrx_word' id='word_1_104' title='bbox 2665 2326 3074 2414; x_wconf 83' lang='lat' dir='ltr'>Academia,</span> <span class='ocrx_word' id='word_1_105' title='bbox 3140 2325 3398 2425; x_wconf 87' lang='lat' dir='ltr'>quibus</span> <span class='ocrx_word' id='word_1_106' title='bbox 3444 2352 3572 2402; x_wconf 89' lang='lat' dir='ltr'>nos</span> 
     </span>
     <span class='ocr_line' id='line_1_11' title="bbox 545 2442 3578 2534; baseline 0.001 -18"><span class='ocrx_word' id='word_1_107' title='bbox 545 2468 784 2517; x_wconf 90' lang='lat' dir='ltr'>omnes</span> <span class='ocrx_word' id='word_1_108' title='bbox 801 2501 822 2530; x_wconf 91' lang='lat'>,</span> <span class='ocrx_word' id='word_1_109' title='bbox 889 2442 1024 2519; x_wconf 91' lang='lat' dir='ltr'>Dei</span> <span class='ocrx_word' id='word_1_110' title='bbox 1079 2444 1412 2519; x_wconf 89' lang='lat' dir='ltr'>beneficio</span> <span class='ocrx_word' id='word_1_111' title='bbox 1429 2503 1450 2534; x_wconf 89' lang='lat'>,</span> <span class='ocrx_word' id='word_1_112' title='bbox 1499 2444 1704 2519; x_wconf 89' lang='lat' dir='ltr'>hodie</span> <span class='ocrx_word' id='word_1_113' title='bbox 1752 2443 2050 2517; x_wconf 77' lang='lat' dir='ltr'>fruimur</span> <span class='ocrx_word' id='word_1_114' title='bbox 2092 2444 2310 2517; x_wconf 73' lang='lat' dir='ltr'>bona!</span> <span class='ocrx_word' id='word_1_115' title='bbox 2410 2443 2554 2517; x_wconf 91' lang='lat' dir='ltr'>Vos</span> <span class='ocrx_word' id='word_1_116' title='bbox 2603 2468 2761 2517; x_wconf 86' lang='lat' dir='ltr'>vero</span> <span class='ocrx_word' id='word_1_117' title='bbox 2804 2444 3138 2532; x_wconf 85' lang='lat' dir='ltr'>maxime,</span> <span class='ocrx_word' id='word_1_118' title='bbox 3186 2445 3578 2519; x_wconf 87' lang='lat' dir='ltr'>Lectissimi</span> 
     </span>
     <span class='ocr_line' id='line_1_12' title="bbox 545 2561 3577 2661; baseline 0.001 -26"><span class='ocrx_word' id='word_1_119' title='bbox 545 2562 933 2637; x_wconf 87' lang='lat' dir='ltr'>Literarum</span> <span class='ocrx_word' id='word_1_120' title='bbox 975 2563 1656 2661; x_wconf 88' lang='lat' dir='ltr'>Disciplinarumque</span> <span class='ocrx_word' id='word_1_121' title='bbox 1701 2562 2046 2636; x_wconf 83' lang='lat' dir='ltr'>Studiosi!</span> <span class='ocrx_word' id='word_1_122' title='bbox 2099 2562 2222 2659; x_wconf 89' lang='lat' dir='ltr'>qui</span> <span class='ocrx_word' id='word_1_123' title='bbox 2255 2570 2488 2634; x_wconf 85' lang='lat' dir='ltr'>tamen</span> <span class='ocrx_word' id='word_1_124' title='bbox 2529 2561 2663 2660; x_wconf 88' lang='lat' dir='ltr'>ipsi</span> <span class='ocrx_word' id='word_1_125' title='bbox 2711 2563 3087 2659; x_wconf 88' lang='lat' dir='ltr'>imprimis,</span> <span class='ocrx_word' id='word_1_126' title='bbox 3144 2587 3283 2637; x_wconf 92' lang='lat' dir='ltr'>non</span> <span class='ocrx_word' id='word_1_127' title='bbox 3316 2562 3577 2661; x_wconf 82' lang='lat' dir='ltr'>insigni</span> 
     </span>
     <span class='ocr_line' id='line_1_13' title="bbox 547 2679 3576 2779; baseline 0 -24"><span class='ocrx_word' id='word_1_128' title='bbox 547 2688 821 2756; x_wconf 84' lang='lat' dir='ltr'>tantum</span> <span class='ocrx_word' id='word_1_129' title='bbox 839 2740 858 2770; x_wconf 93' lang='lat'>,</span> <span class='ocrx_word' id='word_1_130' title='bbox 925 2682 1066 2779; x_wconf 66' lang='lat' dir='ltr'>qua</span> <span class='ocrx_word' id='word_1_131' title='bbox 1128 2707 1314 2757; x_wconf 89' lang='lat' dir='ltr'>nunc</span> <span class='ocrx_word' id='word_1_132' title='bbox 1373 2684 1536 2755; x_wconf 89' lang='lat' dir='ltr'>estis</span> <span class='ocrx_word' id='word_1_133' title='bbox 1601 2680 2023 2779; x_wconf 68' lang='lat' dir='ltr'>frequentia,</span> <span class='ocrx_word' id='word_1_134' title='bbox 2087 2679 2211 2753; x_wconf 87' lang='lat' dir='ltr'>sed</span> <span class='ocrx_word' id='word_1_135' title='bbox 2276 2704 2434 2752; x_wconf 87' lang='lat' dir='ltr'>vero</span> <span class='ocrx_word' id='word_1_136' title='bbox 2488 2680 2877 2753; x_wconf 84' lang='lat' dir='ltr'>studiorum</span> <span class='ocrx_word' id='word_1_137' title='bbox 2937 2681 3255 2778; x_wconf 89' lang='lat' dir='ltr'>vitaeque</span> <span class='ocrx_word' id='word_1_138' title='bbox 3312 2682 3576 2756; x_wconf 89' lang='lat' dir='ltr'>ratione</span> 
     </span>
     <span class='ocr_line' id='line_1_14' title="bbox 545 2776 3613 2889; baseline 0 -15"><span class='ocrx_word' id='word_1_139' title='bbox 545 2801 768 2888; x_wconf 81' lang='lat' dir='ltr'>omni,</span> <span class='ocrx_word' id='word_1_140' title='bbox 851 2799 1042 2874; x_wconf 76' lang='lat' dir='ltr'>haud</span> <span class='ocrx_word' id='word_1_141' title='bbox 1116 2802 1357 2874; x_wconf 75' lang='lat' dir='ltr'>infimo</span> <span class='ocrx_word' id='word_1_142' title='bbox 1429 2800 1694 2889; x_wconf 73' lang='lat' dir='ltr'>fuistis,</span> <span class='ocrx_word' id='word_1_143' title='bbox 1767 2800 1898 2875; x_wconf 83' lang='lat' dir='ltr'>hoc</span> <span class='ocrx_word' id='word_1_144' title='bbox 1961 2822 2182 2887; x_wconf 77' lang='lat' dir='ltr'>anno,</span> <span class='ocrx_word' id='word_1_145' title='bbox 2255 2797 2601 2873; x_wconf 72' lang='lat' dir='ltr'>felicitatis</span> <span class='ocrx_word' id='word_1_146' title='bbox 2668 2799 2915 2874; x_wconf 75' lang='lat' dir='ltr'>Almae</span> <span class='ocrx_word' id='word_1_147' title='bbox 2982 2808 3255 2875; x_wconf 75' lang='lat' dir='ltr'>nostrae</span> <span class='ocrx_word' id='word_1_148' title='bbox 3326 2776 3613 2875; x_wconf 61' lang='lat' dir='ltr'>Matris*</span> 
     </span>
     <span class='ocr_line' id='line_1_15' title="bbox 547 2920 1036 2994; baseline 0 -1"><span class='ocrx_word' id='word_1_149' title='bbox 547 2920 1036 2994; x_wconf 77' lang='lat' dir='ltr'>additamento,</span> 
     </span>
    </p>

    <p class='ocr_par' dir='ltr' id='par_1_5' title="bbox 497 3037 3577 4442">
     <span class='ocr_line' id='line_1_16' title="bbox 641 3037 3575 3137; baseline 0.001 -26"><span class='ocrx_word' id='word_1_150' title='bbox 641 3038 986 3111; x_wconf 88' lang='lat' dir='ltr'>Luximus</span> <span class='ocrx_word' id='word_1_151' title='bbox 1032 3037 1390 3111; x_wconf 85' lang='lat' dir='ltr'>vobiscum</span> <span class='ocrx_word' id='word_1_152' title='bbox 1435 3042 1505 3110; x_wconf 92' lang='lat' dir='ltr'>et</span> <span class='ocrx_word' id='word_1_153' title='bbox 1546 3037 1876 3137; x_wconf 84' lang='lat' dir='ltr'>proximis</span> <span class='ocrx_word' id='word_1_154' title='bbox 1925 3044 2224 3135; x_wconf 87' lang='lat' dir='ltr'>quatuor</span> <span class='ocrx_word' id='word_1_155' title='bbox 2273 3062 2358 3111; x_wconf 86' lang='lat' dir='ltr'>ex</span> <span class='ocrx_word' id='word_1_156' title='bbox 2405 3045 2631 3112; x_wconf 86' lang='lat' dir='ltr'>vestro</span> <span class='ocrx_word' id='word_1_157' title='bbox 2681 3039 2921 3113; x_wconf 88' lang='lat' dir='ltr'>ordine</span> <span class='ocrx_word' id='word_1_158' title='bbox 2968 3039 3288 3128; x_wconf 78' lang='lat' dir='ltr'>iuvenca,</span> <span class='ocrx_word' id='word_1_159' title='bbox 3336 3039 3411 3112; x_wconf 93' lang='lat' dir='ltr'>in</span> <span class='ocrx_word' id='word_1_160' title='bbox 3465 3038 3575 3113; x_wconf 87' lang='lat' dir='ltr'>his</span> 
     </span>
     <span class='ocr_line' id='line_1_17' title="bbox 505 3155 3575 3257; baseline 0.001 -26"><span class='ocrx_word' id='word_1_161' title='bbox 505 3156 937 3255; x_wconf 73' lang='lat' dir='ltr'>nuperrime</span> <span class='ocrx_word' id='word_1_162' title='bbox 1000 3155 1426 3254; x_wconf 88' lang='lat' dir='ltr'>praeclarum</span> <span class='ocrx_word' id='word_1_163' title='bbox 1487 3158 1830 3231; x_wconf 72' lang='grc' dir='ltr'><strong>ΙοΑΝΝΕΜ</strong></span> <span class='ocrx_word' id='word_1_164' title='bbox 1892 3158 2159 3231; x_wconf 73' lang='grc' dir='ltr'><strong>ΙοειΑΜ</strong></span> <span class='ocrx_word' id='word_1_165' title='bbox 2216 3182 2314 3231; x_wconf 72' lang='grc' dir='ltr'>ΒΕ</span> <span class='ocrx_word' id='word_1_166' title='bbox 2361 3158 2621 3231; x_wconf 67' lang='lat' dir='ltr'>Lmen</span> <span class='ocrx_word' id='word_1_167' title='bbox 2640 3216 2660 3246; x_wconf 91' lang='lat'>‚</span> <span class='ocrx_word' id='word_1_168' title='bbox 2734 3167 3166 3256; x_wconf 84' lang='lat' dir='ltr'>praematura</span> <span class='ocrx_word' id='word_1_169' title='bbox 3223 3158 3575 3257; x_wconf 86' lang='lat' dir='ltr'>flebilique</span> 
     </span>
     <span class='ocr_line' id='line_1_18' title="bbox 545 3276 3577 3377; baseline 0.001 -28"><span class='ocrx_word' id='word_1_170' title='bbox 545 3282 766 3349; x_wconf 91' lang='lat' dir='ltr'>morte</span> <span class='ocrx_word' id='word_1_171' title='bbox 831 3276 1202 3372; x_wconf 79' lang='lat' dir='ltr'>exstinctos</span> <span class='ocrx_word' id='word_1_172' title='bbox 1255 3278 1340 3367; x_wconf 89' lang='lat'>¹).</span> <span class='ocrx_word' id='word_1_173' title='bbox 1440 3276 1546 3349; x_wconf 87' lang='lat' dir='ltr'>Eo</span> <span class='ocrx_word' id='word_1_174' title='bbox 1593 3278 2014 3352; x_wconf 82' lang='lat' dir='ltr'>ardentiores</span> <span class='ocrx_word' id='word_1_175' title='bbox 2071 3286 2303 3352; x_wconf 90' lang='lat' dir='ltr'>autem</span> <span class='ocrx_word' id='word_1_176' title='bbox 2351 3303 2540 3352; x_wconf 90' lang='lat' dir='ltr'>nunc</span> <span class='ocrx_word' id='word_1_177' title='bbox 2587 3278 2844 3377; x_wconf 85' lang='lat' dir='ltr'>gratias</span> <span class='ocrx_word' id='word_1_178' title='bbox 2892 3279 3166 3377; x_wconf 87' lang='lat' dir='ltr'>agimus</span> <span class='ocrx_word' id='word_1_179' title='bbox 3213 3278 3401 3365; x_wconf 91' lang='lat' dir='ltr'>Deo,</span> <span class='ocrx_word' id='word_1_180' title='bbox 3454 3278 3577 3377; x_wconf 88' lang='lat' dir='ltr'>qui</span> 
     </span>
     <span class='ocr_line' id='line_1_19' title="bbox 497 3394 3573 3494; baseline 0.001 -27"><span class='ocrx_word' id='word_1_181' title='bbox 497 3441 505 3451; x_wconf 83' lang='lat'>·</span> <span class='ocrx_word' id='word_1_182' title='bbox 545 3420 665 3470; x_wconf 83' lang='lat' dir='ltr'>vos</span> <span class='ocrx_word' id='word_1_183' title='bbox 686 3454 705 3483; x_wconf 92' lang='lat'>,</span> <span class='ocrx_word' id='word_1_184' title='bbox 777 3418 1034 3493; x_wconf 88' lang='lat' dir='ltr'>magno</span> <span class='ocrx_word' id='word_1_185' title='bbox 1094 3418 1380 3468; x_wconf 89' lang='lat' dir='ltr'>numero</span> <span class='ocrx_word' id='word_1_186' title='bbox 1438 3419 1713 3481; x_wconf 70' lang='lat' dir='ltr'>omma,</span> <span class='ocrx_word' id='word_1_187' title='bbox 1774 3394 2076 3482; x_wconf 89' lang='lat' dir='ltr'>Vestris,</span> <span class='ocrx_word' id='word_1_188' title='bbox 2141 3396 2595 3482; x_wconf 85' lang='lat' dir='ltr'>Academiae,</span> <span class='ocrx_word' id='word_1_189' title='bbox 2644 3395 2895 3469; x_wconf 88' lang='lat' dir='ltr'>Literis</span> <span class='ocrx_word' id='word_1_190' title='bbox 2914 3454 2935 3483; x_wconf 93' lang='lat'>,</span> <span class='ocrx_word' id='word_1_191' title='bbox 2983 3397 3391 3494; x_wconf 87' lang='lat' dir='ltr'>Patriaeque</span> <span class='ocrx_word' id='word_1_192' title='bbox 3437 3420 3573 3469; x_wconf 90' lang='lat' dir='ltr'>ser-</span> 
     </span>
     <span class='ocr_line' id='line_1_20' title="bbox 549 3510 3577 3612; baseline 0.001 -29"><span class='ocrx_word' id='word_1_193' title='bbox 549 3513 752 3586; x_wconf 84' lang='lat' dir='ltr'>vavit.</span> <span class='ocrx_word' id='word_1_194' title='bbox 853 3514 966 3585; x_wconf 89' lang='lat' dir='ltr'>Ita</span> <span class='ocrx_word' id='word_1_195' title='bbox 1030 3535 1190 3585; x_wconf 86' lang='lat' dir='ltr'>vero</span> <span class='ocrx_word' id='word_1_196' title='bbox 1257 3510 1548 3583; x_wconf 85' lang='lat' dir='ltr'>servavit</span> <span class='ocrx_word' id='word_1_197' title='bbox 1591 3510 1928 3607; x_wconf 86' lang='lat' dir='ltr'>duxitque</span> <span class='ocrx_word' id='word_1_198' title='bbox 1948 3570 1968 3597; x_wconf 89' lang='lat'>,</span> <span class='ocrx_word' id='word_1_199' title='bbox 2018 3517 2138 3597; x_wconf 90' lang='lat' dir='ltr'>ut,</span> <span class='ocrx_word' id='word_1_200' title='bbox 2187 3512 2248 3585; x_wconf 87' lang='lat' dir='ltr'>si</span> <span class='ocrx_word' id='word_1_201' title='bbox 2290 3512 2398 3586; x_wconf 88' lang='lat' dir='ltr'>vel</span> <span class='ocrx_word' id='word_1_202' title='bbox 2445 3514 2763 3589; x_wconf 86' lang='lat' dir='ltr'>iuvenilis</span> <span class='ocrx_word' id='word_1_203' title='bbox 2800 3516 2977 3589; x_wconf 83' lang='lat' dir='ltr'>forte</span> <span class='ocrx_word' id='word_1_204' title='bbox 3025 3514 3205 3589; x_wconf 82' lang='lat' dir='ltr'>foras</span> <span class='ocrx_word' id='word_1_205' title='bbox 3248 3516 3577 3612; x_wconf 88' lang='lat' dir='ltr'>prodierit</span> 
     </span>
     <span class='ocr_line' id='line_1_21' title="bbox 547 3628 3575 3744; baseline 0.001 -40"><span class='ocrx_word' id='word_1_206' title='bbox 547 3630 968 3730; x_wconf 88' lang='lat' dir='ltr'>petulantiae</span> <span class='ocrx_word' id='word_1_207' title='bbox 1035 3629 1381 3728; x_wconf 85' lang='lat' dir='ltr'>specimen</span> <span class='ocrx_word' id='word_1_208' title='bbox 1397 3686 1416 3715; x_wconf 91' lang='lat'>,</span> <span class='ocrx_word' id='word_1_209' title='bbox 1469 3628 1706 3727; x_wconf 61' lang='lat' dir='ltr'>,longa</span> <span class='ocrx_word' id='word_1_210' title='bbox 1764 3636 1995 3703; x_wconf 89' lang='lat' dir='ltr'>tamen</span> <span class='ocrx_word' id='word_1_211' title='bbox 2065 3630 2236 3703; x_wconf 87' lang='lat' dir='ltr'>serie</span> <span class='ocrx_word' id='word_1_212' title='bbox 2291 3631 2683 3705; x_wconf 87' lang='lat' dir='ltr'>testimonia</span> <span class='ocrx_word' id='word_1_213' title='bbox 2747 3641 3056 3721; x_wconf 87' lang='lat' dir='ltr'>exstent,</span> <span class='ocrx_word' id='word_1_214' title='bbox 3128 3654 3336 3731; x_wconf 82' lang='lat' dir='ltr'>quae,</span> <span class='ocrx_word' id='word_1_215' title='bbox 3403 3642 3575 3744; x_wconf 74' lang='lat' dir='ltr'>quot</span> 
     </span>
     <span class='ocr_line' id='line_1_22' title="bbox 549 3746 3569 3852; baseline 0.002 -30"><span class='ocrx_word' id='word_1_216' title='bbox 549 3755 945 3849; x_wconf 86' lang='lat' dir='ltr'>quantaque</span> <span class='ocrx_word' id='word_1_217' title='bbox 1011 3749 1152 3821; x_wconf 89' lang='lat' dir='ltr'>sint</span> <span class='ocrx_word' id='word_1_218' title='bbox 1213 3748 1287 3820; x_wconf 92' lang='lat' dir='ltr'>in</span> <span class='ocrx_word' id='word_1_219' title='bbox 1357 3746 1551 3820; x_wconf 87' lang='lat' dir='ltr'>vobis</span> <span class='ocrx_word' id='word_1_220' title='bbox 1620 3754 1894 3821; x_wconf 86' lang='lat' dir='ltr'>tantum</span> <span class='ocrx_word' id='word_1_221' title='bbox 1955 3772 2094 3821; x_wconf 93' lang='lat' dir='ltr'>non</span> <span class='ocrx_word' id='word_1_222' title='bbox 2151 3748 2474 3824; x_wconf 87' lang='lat' dir='ltr'>omnibus</span> <span class='ocrx_word' id='word_1_223' title='bbox 2524 3750 2706 3824; x_wconf 87' lang='lat' dir='ltr'>bona</span> <span class='ocrx_word' id='word_1_224' title='bbox 2753 3760 2963 3849; x_wconf 89' lang='lat' dir='ltr'>atque</span> <span class='ocrx_word' id='word_1_225' title='bbox 3008 3753 3315 3852; x_wconf 87' lang='lat' dir='ltr'>egregia,</span> <span class='ocrx_word' id='word_1_226' title='bbox 3378 3754 3569 3828; x_wconf 92' lang='lat' dir='ltr'>lucu-</span> 
     </span>
     <span class='ocr_line' id='line_1_23' title="bbox 549 3865 3571 3966; baseline 0.001 -24"><span class='ocrx_word' id='word_1_227' title='bbox 549 3868 923 3942; x_wconf 86' lang='lat' dir='ltr'>lentissime</span> <span class='ocrx_word' id='word_1_228' title='bbox 987 3868 1300 3966; x_wconf 87' lang='lat' dir='ltr'>probent.</span> <span class='ocrx_word' id='word_1_229' title='bbox 1415 3865 1598 3939; x_wconf 92' lang='lat' dir='ltr'>Mihi</span> <span class='ocrx_word' id='word_1_230' title='bbox 1653 3871 1836 3939; x_wconf 87' lang='lat' dir='ltr'>certe</span> <span class='ocrx_word' id='word_1_231' title='bbox 1854 3923 1874 3953; x_wconf 91' lang='lat'>,</span> <span class='ocrx_word' id='word_1_232' title='bbox 1937 3866 2209 3964; x_wconf 91' lang='lat' dir='ltr'>Optimi</span> <span class='ocrx_word' id='word_1_233' title='bbox 2252 3866 2804 3942; x_wconf 88' lang='lat' dir='ltr'>Commilitones!</span> <span class='ocrx_word' id='word_1_234' title='bbox 2858 3868 2954 3943; x_wconf 89' lang='lat' dir='ltr'>sic</span> <span class='ocrx_word' id='word_1_235' title='bbox 2992 3894 3229 3944; x_wconf 89' lang='lat' dir='ltr'>omnes</span> <span class='ocrx_word' id='word_1_236' title='bbox 3272 3878 3571 3945; x_wconf 88' lang='lat' dir='ltr'>vestram</span> 
     </span>
     <span class='ocr_line' id='line_1_24' title="bbox 548 3983 3569 4088; baseline 0.001 -27"><span class='ocrx_word' id='word_1_237' title='bbox 548 3986 956 4088; x_wconf 86' lang='lat' dir='ltr'>probavistis</span> <span class='ocrx_word' id='word_1_238' title='bbox 1013 3985 1516 4060; x_wconf 87' lang='lat' dir='ltr'>humanitatem</span> <span class='ocrx_word' id='word_1_239' title='bbox 1565 4008 1858 4083; x_wconf 86' lang='lat' dir='ltr'>eamque</span> <span class='ocrx_word' id='word_1_240' title='bbox 1900 3993 2233 4083; x_wconf 89' lang='lat' dir='ltr'>perpetuo</span> <span class='ocrx_word' id='word_1_241' title='bbox 2280 3983 2352 4057; x_wconf 92' lang='lat' dir='ltr'>in</span> <span class='ocrx_word' id='word_1_242' title='bbox 2404 3986 2599 4060; x_wconf 86' lang='lat' dir='ltr'>vobis</span> <span class='ocrx_word' id='word_1_243' title='bbox 2642 3987 2785 4060; x_wconf 88' lang='lat' dir='ltr'>vidi</span> <span class='ocrx_word' id='word_1_244' title='bbox 2832 3989 3218 4064; x_wconf 87' lang='lat' dir='ltr'>studiorum</span> <span class='ocrx_word' id='word_1_245' title='bbox 3264 3991 3569 4065; x_wconf 84' lang='lat' dir='ltr'>alacrita-</span> 
     </span>
     <span class='ocr_line' id='line_1_25' title="bbox 548 4101 3571 4202; baseline 0.001 -23"><span class='ocrx_word' id='word_1_246' title='bbox 548 4114 692 4181; x_wconf 90' lang='lat' dir='ltr'>tem</span> <span class='ocrx_word' id='word_1_247' title='bbox 765 4129 1182 4202; x_wconf 90' lang='lat' dir='ltr'>morumque</span> <span class='ocrx_word' id='word_1_248' title='bbox 1245 4104 1624 4179; x_wconf 87' lang='lat' dir='ltr'>bonitatem</span> <span class='ocrx_word' id='word_1_249' title='bbox 1643 4162 1662 4191; x_wconf 91' lang='lat'>,</span> <span class='ocrx_word' id='word_1_250' title='bbox 1727 4109 1811 4176; x_wconf 90' lang='lat' dir='ltr'>ut</span> <span class='ocrx_word' id='word_1_251' title='bbox 1875 4102 2150 4199; x_wconf 89' lang='lat' dir='ltr'>publice</span> <span class='ocrx_word' id='word_1_252' title='bbox 2208 4101 2426 4177; x_wconf 76' lang='lat' dir='ltr'>fatear</span> <span class='ocrx_word' id='word_1_253' title='bbox 2441 4161 2463 4192; x_wconf 89' lang='lat'>,</span> <span class='ocrx_word' id='word_1_254' title='bbox 2532 4111 2829 4180; x_wconf 84' lang='lat' dir='ltr'>vestram</span> <span class='ocrx_word' id='word_1_255' title='bbox 2884 4106 3181 4181; x_wconf 80' lang='lat' dir='ltr'>maxime</span> <span class='ocrx_word' id='word_1_256' title='bbox 3247 4107 3571 4183; x_wconf 89' lang='lat' dir='ltr'>virtutem</span> 
     </span>
     <span class='ocr_line' id='line_1_26' title="bbox 549 4216 3569 4323; baseline 0.001 -25"><span class='ocrx_word' id='word_1_257' title='bbox 549 4216 952 4323; x_wconf 85' lang='lat' dir='ltr'>impositum</span> <span class='ocrx_word' id='word_1_258' title='bbox 1013 4224 1188 4298; x_wconf 89' lang='lat' dir='ltr'>mihi</span> <span class='ocrx_word' id='word_1_259' title='bbox 1253 4248 1429 4299; x_wconf 87' lang='lat' dir='ltr'>onus</span> <span class='ocrx_word' id='word_1_260' title='bbox 1448 4283 1468 4313; x_wconf 92' lang='lat'>,</span> <span class='ocrx_word' id='word_1_261' title='bbox 1539 4247 1680 4303; x_wconf 89' lang='lat' dir='ltr'>non</span> <span class='ocrx_word' id='word_1_262' title='bbox 1744 4223 2004 4297; x_wconf 84' lang='lat' dir='ltr'>levasse</span> <span class='ocrx_word' id='word_1_263' title='bbox 2065 4228 2340 4297; x_wconf 88' lang='lat' dir='ltr'>tantum</span> <span class='ocrx_word' id='word_1_264' title='bbox 2358 4280 2380 4311; x_wconf 89' lang='lat'>,</span> <span class='ocrx_word' id='word_1_265' title='bbox 2454 4225 2577 4298; x_wconf 92' lang='lat' dir='ltr'>sed</span> <span class='ocrx_word' id='word_1_266' title='bbox 2644 4248 2801 4299; x_wconf 88' lang='lat' dir='ltr'>vero</span> <span class='ocrx_word' id='word_1_267' title='bbox 2861 4232 3139 4323; x_wconf 85' lang='lat' dir='ltr'>gratum</span> <span class='ocrx_word' id='word_1_268' title='bbox 3193 4225 3431 4301; x_wconf 85' lang='lat' dir='ltr'>fecisse</span> <span class='ocrx_word' id='word_1_269' title='bbox 3488 4252 3569 4302; x_wconf 89' lang='lat' dir='ltr'>ac</span> 
     </span>
     <span class='ocr_line' id='line_1_27' title="bbox 551 4322 2795 4442; baseline 0 -24"><span class='ocrx_word' id='word_1_270' title='bbox 551 4341 1112 4442; x_wconf 71' lang='lat' dir='ltr'>placidissimum.</span> <span class='ocrx_word' id='word_1_271' title='bbox 1245 4330 1248 4335; x_wconf 80' lang='grc'><strong>’</strong></span> <span class='ocrx_word' id='word_1_272' title='bbox 2770 4322 2795 4345; x_wconf 82' lang='grc'><em>·</em></span> 
     </span>
    </p>
   </div>
   <div class='ocr_carea' id='block_1_4' title="bbox 553 4530 1134 4553">
    <p class='ocr_par' dir='ltr' id='par_1_6' title="bbox 553 4530 1134 4553">
     <span class='ocr_line' id='line_1_28' title="bbox 553 4530 1134 4553; baseline 0 1664"><span class='ocrx_word' id='word_1_273' title='bbox 553 4530 1134 4553; x_wconf 95' lang='lat' dir='ltr'> </span> 
     </span>
    </p>
   </div>
   <div class='ocr_carea' id='block_1_5' title="bbox 635 4646 3567 4733">
    <p class='ocr_par' dir='ltr' id='par_1_7' title="bbox 635 4646 3567 4733">
     <span class='ocr_line' id='line_1_29' title="bbox 635 4646 3567 4733; baseline 0.003 -26"><span class='ocrx_word' id='word_1_274' title='bbox 635 4648 690 4723; x_wconf 82' lang='lat'>⁸)</span> <span class='ocrx_word' id='word_1_275' title='bbox 733 4647 893 4707; x_wconf 88' lang='lat' dir='ltr'>Obiit</span> <span class='ocrx_word' id='word_1_276' title='bbox 944 4648 1016 4708; x_wconf 82' lang='lat' dir='ltr'>G.</span> <span class='ocrx_word' id='word_1_277' title='bbox 1057 4648 1139 4707; x_wconf 90' lang='lat' dir='ltr'>H.</span> <span class='ocrx_word' id='word_1_278' title='bbox 1179 4664 1260 4707; x_wconf 62' lang='lat' dir='ltr'>ms</span> <span class='ocrx_word' id='word_1_279' title='bbox 1301 4646 1470 4727; x_wconf 78' lang='lat' dir='ltr'>Kox3</span> <span class='ocrx_word' id='word_1_280' title='bbox 1515 4650 1668 4712; x_wconf 85' lang='lat' dir='ltr'>Med.</span> <span class='ocrx_word' id='word_1_281' title='bbox 1710 4651 1868 4712; x_wconf 87' lang='lat' dir='ltr'>Stud.</span> <span class='ocrx_word' id='word_1_282' title='bbox 1911 4657 1946 4713; x_wconf 78' lang='lat'>9</span> <span class='ocrx_word' id='word_1_283' title='bbox 1987 4652 2151 4715; x_wconf 83' lang='lat' dir='ltr'>Febr.</span> <span class='ocrx_word' id='word_1_284' title='bbox 2189 4657 2364 4715; x_wconf 80' lang='grc'><strong>1851.</strong></span> <span class='ocrx_word' id='word_1_285' title='bbox 2401 4685 2480 4698; x_wconf 91' lang='grc'><strong>-</strong></span> <span class='ocrx_word' id='word_1_286' title='bbox 2514 4658 2585 4713; x_wconf 77' lang='lat' dir='ltr'>A,</span> <span class='ocrx_word' id='word_1_287' title='bbox 2624 4654 2691 4715; x_wconf 90' lang='lat' dir='ltr'>C.</span> <span class='ocrx_word' id='word_1_288' title='bbox 2728 4656 2776 4713; x_wconf 93' lang='lat'>1.</span> <span class='ocrx_word' id='word_1_289' title='bbox 2812 4654 3219 4733; x_wconf 51' lang='lat' dir='ltr'>Humanam</span> <span class='ocrx_word' id='word_1_290' title='bbox 3262 4656 3376 4719; x_wconf 87' lang='lat' dir='ltr'>Iur.</span> <span class='ocrx_word' id='word_1_291' title='bbox 3411 4657 3567 4717; x_wconf 81' lang='lat' dir='ltr'>stud.</span> 
     </span>
    </p>
   </div>
   <div class='ocr_carea' id='block_1_6' title="bbox 558 4742 3575 4901">
    <p class='ocr_par' dir='ltr' id='par_1_8' title="bbox 558 4742 3575 4901">
     <span class='ocr_line' id='line_1_30' title="bbox 558 4742 3575 4901; baseline 0.004 -99"><span class='ocrx_word' id='word_1_292' title='bbox 558 4748 593 4897; x_wconf 57' lang='grc' dir='ltr'>ξ</span> <span class='ocrx_word' id='word_1_293' title='bbox 630 4742 1096 4901; x_wconf 52' lang='grc' dir='ltr'><strong>ἓοζ.1ῗὲἒ.2-</strong></span> <span class='ocrx_word' id='word_1_294' title='bbox 1136 4742 1230 4805; x_wconf 85' lang='lat' dir='ltr'>W.</span> <span class='ocrx_word' id='word_1_295' title='bbox 1264 4744 1328 4807; x_wconf 84' lang='grc' dir='ltr'>Ο.</span> <span class='ocrx_word' id='word_1_296' title='bbox 1364 4748 1438 4807; x_wconf 76' lang='lat' dir='ltr'>A.</span> <span class='ocrx_word' id='word_1_297' title='bbox 1472 4745 1670 4825; x_wconf 73' lang='lat' dir='ltr'>Dozr;</span> <span class='ocrx_word' id='word_1_298' title='bbox 1713 4748 1825 4809; x_wconf 85' lang='lat' dir='ltr'>Iur.</span> <span class='ocrx_word' id='word_1_299' title='bbox 1867 4748 2144 4813; x_wconf 73' lang='lat' dir='ltr'>Stati-,80</span> <span class='ocrx_word' id='word_1_300' title='bbox 2181 4750 2310 4811; x_wconf 85' lang='lat' dir='ltr'>Oct.</span> <span class='ocrx_word' id='word_1_301' title='bbox 2353 4752 2529 4813; x_wconf 81' lang='lat'>1851.</span> <span class='ocrx_word' id='word_1_302' title='bbox 2572 4782 2648 4801; x_wconf 87' lang='lat'>-·</span> <span class='ocrx_word' id='word_1_303' title='bbox 2698 4751 2747 4812; x_wconf 84' lang='lat'>1·.</span> <span class='ocrx_word' id='word_1_304' title='bbox 2780 4749 2832 4813; x_wconf 92' lang='lat'>1.</span> <span class='ocrx_word' id='word_1_305' title='bbox 2866 4768 2947 4811; x_wconf 74' lang='lat' dir='ltr'>nr.</span> <span class='ocrx_word' id='word_1_306' title='bbox 2979 4750 3221 4831; x_wconf 53' lang='lat' dir='ltr'>Lanam</span> <span class='ocrx_word' id='word_1_307' title='bbox 3265 4752 3376 4813; x_wconf 89' lang='lat' dir='ltr'>Iur.</span> <span class='ocrx_word' id='word_1_308' title='bbox 3412 4752 3575 4815; x_wconf 80' lang='lat' dir='ltr'>Stud.</span> 
     </span>
     <span class='ocr_line' id='line_1_31' title="bbox 684 4858 1936 4900; baseline -0.001 0"><span class='ocrx_word' id='word_1_309' title='bbox 684 4860 714 4900; x_wconf 88' lang='lat' dir='ltr'>e</span> <span class='ocrx_word' id='word_1_310' title='bbox 751 4858 798 4899; x_wconf 89' lang='lat' dir='ltr'>r.</span> <span class='ocrx_word' id='word_1_311' title='bbox 999 4878 1018 4899; x_wconf 88' lang='lat'><strong>.</strong></span> <span class='ocrx_word' id='word_1_312' title='bbox 1927 4862 1936 4869; x_wconf 85' lang='lat'><strong>·</strong></span> 
     </span>
    </p>
   </div>
  </div>
 </body>
</html>
