4967 6217
1401 680 1482 745 18
1635 644 1642 649 ’
2369 676 2695 747 Nlcotlu
2740 680 3203 747 cumarum
3249 681 3439 747 Ktsr

1493 886 1798 982 Magnae
1837 885 1936 959 rei
1975 886 2071 961 sic
2107 885 2384 961 initium
2426 886 2723 963 ducitur.
2774 929 2873 946 --
2922 888 3061 961 Sed
3101 888 3354 974 ardua,
3404 909 3581 985 quae
3618 892 3785 961 sunt
3822 888 4077 985 pulcra.
4158 889 4421 963 Trium

1395 1006 1608 1080 ferme
1653 1006 2038 1079 seculorum
2081 1006 2450 1081 certamine
2497 1006 2947 1105 omniumque
3004 1006 3391 1081 animorum
3445 1029 3619 1103 opus
3665 1014 3772 1079 est
3828 1007 4233 1104 agitatione,
4302 1016 4420 1096 ut,

1399 1124 1756 1199 debellatis
1801 1126 2335 1201 Scholasticismi
2351 1184 2370 1213 ‚
2420 1126 2839 1223 Mysticismi
2858 1184 2879 1214 ,
2942 1124 3459 1223 Superstitionis
3510 1131 3581 1198 et
3636 1124 4077 1200 Hierarchiae
4128 1126 4386 1227 viribus
4404 1186 4423 1213 ,

1394 1244 1644 1341 ingens
1682 1244 1798 1319 illa
1838 1244 1912 1319 in
1949 1246 2174 1319 lucem
2214 1245 2501 1343 prodeat
2535 1245 2879 1319 Ecclesiae
2918 1244 3339 1318 Instauratio
3353 1301 3375 1330 ,
3424 1232 3635 1341 quam
3670 1245 3897 1327 Seculi
3931 1244 4105 1317 XVI
4146 1245 4425 1318 initium

1397 1361 1589 1435 vidit.
1689 1362 1885 1436 Haec
1931 1372 2162 1437 autem
2215 1388 2403 1437 nunc
2449 1390 2576 1438 suo
2630 1390 2704 1437 se
2754 1364 2903 1437 iure
2950 1366 3489 1459 Refer-matianis
3549 1364 3835 1462 antiquo
3879 1364 4159 1438 nomine
4216 1363 4423 1450 dixit,

1397 1488 1636 1579 utpote
1699 1506 1878 1579 quae
1942 1505 2026 1555 ex
2089 1483 2366 1556 moralis
2423 1484 2849 1581 indigentiae
2899 1484 3088 1557 fonte
3138 1508 3415 1557 omnem
3474 1505 3672 1557 suam
3719 1481 4056 1579 originem
4106 1483 4385 1557 trahens
4404 1541 4423 1568 ,

1396 1601 1604 1674 etiam
1658 1600 1898 1675 morali
1957 1602 2255 1675 maxime
2305 1602 2651 1676 Ecclesiae
2714 1603 3193 1677 instaurationi
3248 1602 3400 1700 ipsa
3454 1626 3527 1675 se
3594 1601 4009 1675 destinatam
4062 1601 4425 1675 sentiebat.

1394 1720 1632 1793 Missis
1675 1720 1860 1793 enim
1909 1721 2150 1794 ceteris
2201 1722 2749 1820 disputationum
2807 1722 3351 1819 dogmaticarum
3402 1719 3815 1819 ambagibus
3831 1779 3850 1809 ,
3910 1722 4429 1819 profligatisque

1394 1863 1648 1937 magno
1697 1864 1986 1913 numero
2031 1840 2208 1913 vitae
2249 1866 2406 1914 vere
2453 1841 2883 1914 Christianae
2930 1840 3478 1937 impedimentiS,
3528 1839 3727 1912 claris
3772 1848 4008 1913 contra
4057 1850 4127 1910 et
4167 1838 4427 1935 perspi·

1395 1959 1542 2032 cuis
1596 1960 1819 2033 verbis
1879 1961 2058 2033 viam
2125 1959 2366 2034 salutis
2419 1960 2492 2033 in
2546 1961 2673 2033 hoc
2720 1984 2859 2033 uno
2904 1958 3229 2032 omnibus
3270 1964 3641 2051 monstrat:
3701 1986 3738 2026 n
3753 1958 3985 2031 Gratis
4030 1982 4073 2031 a
4112 1958 4264 2029 Deo
4308 1981 4429 2055 per

1397 2078 1768 2175 repositam
1816 2079 1889 2152 in
1951 2079 2228 2153 Christo
2279 2082 2490 2155 fidem
2546 2080 2894 2153 hominem
2945 2078 3381 2152 iustificari!”
3482 2076 3687 2151 Hanc
3740 2100 3899 2150 vero
3948 2078 4189 2162 fidem,
4264 2077 4423 2150 sim-

1403 2197 1652 2293 plicem
1707 2198 1896 2271 illam
1946 2206 2016 2271 et
2064 2223 2250 2272 mere
2295 2199 2662 2297 practicam
2683 2258 2702 2286 ,
2766 2200 2861 2271 sic
2913 2198 3131 2297 ipsius
3184 2196 3551 2295 Euangelii
3590 2220 3752 2270 voce
3796 2196 4096 2271 vindicat
4136 2205 4207 2267 et
4244 2220 4425 2270 com·
4550 2204 4559 2211 ’

1394 2316 1678 2390 mendat
1696 2374 1716 2403 ,
1779 2324 1894 2404 ut,
1965 2342 2104 2391 non
2161 2342 2495 2393 novorum
2557 2320 2986 2416 Dogmatum
3003 2376 3023 2405 ,
3096 2318 3217 2391 sed
3286 2341 3445 2389 vero
3494 2318 3732 2390 Novae
3763 2316 3985 2412 :Vitae
4047 2316 4423 2389 innumeris

1391 2435 1530 2508 iam
1581 2436 1784 2532 longe
1833 2430 2134 2533 lateque
2159 2437 2408 2511 ducem
2458 2443 2529 2509 et
2578 2436 2987 2511 effectricem
3038 2461 3110 2510 se
3158 2442 3481 2534 praestet.

1493 2671 1605 2743 Sic
1668 2672 1885 2770 igitur
1951 2671 2296 2747 inchoavit
2367 2673 2799 2747 Reformatio
2849 2673 3180 2747 moralem
3250 2674 3474 2760 illam,
3547 2696 3761 2770 quam
3822 2672 3897 2745 in
3950 2696 4071 2770 spe
4134 2680 4203 2746 et
4253 2674 4431 2747 votis

1393 2789 1726 2877 habebat,
1777 2791 2120 2865 Ecclesiae
2169 2793 2743 2868 emendationem.
2846 2794 2989 2867 Cur
3034 2793 3269 2867 minus
3318 2791 3676 2891 perfecerit
3730 2792 3916 2865 illam
3941 2851 3960 2879 ,
4009 2817 4233 2891 neque
4278 2792 4429 2890 ipsa

1395 2910 1765 3007 perrexerit
1803 2911 1968 2984 satis
2010 2912 2376 3008 Euangelii
2421 2912 2727 2987 indolem
2760 2913 3089 2987 moralem
3138 2912 3347 2987 tueri:
3400 2911 3527 2986 hoc
3572 2913 3663 2987 A.
3696 2913 3799 2986 A!
3846 2920 4154 3011 tempore
4192 2894 4426 3012 impri-

1395 3028 1530 3102 mis
1577 3037 1810 3103 nostro
1858 3030 2047 3104 haud
2095 3031 2340 3104 inutile
2389 3040 2497 3104 est
2543 3056 3097 3107 commemorare.

1496 3147 2004 3223 Reformatores
2048 3149 2378 3223 nimirum
2396 3210 2416 3238 ,
2467 3152 2799 3225 laudabili
2838 3152 3159 3226 instituto
3198 3151 3273 3223 in
3322 3175 3533 3225 unam
3572 3152 3713 3227 vim
3755 3150 4137 3251 Religionis
4182 3150 4429 3249 practi-

1397 3291 1550 3340 cam
1617 3268 1904 3356 intenti,
1969 3269 2122 3343 illas
2170 3270 2498 3343 continuo
2548 3270 3066 3345 vindicaverunt
3132 3270 3505 3357 doctrinas,
3578 3296 3754 3369 quae
3813 3272 4203 3346 viderentur
4263 3269 4431 3369 ipsis

1398 3408 1560 3459 cum
1606 3386 1990 3484 Euangelio
2049 3387 2486 3484 hominisque
2533 3395 2782 3461 natura
2832 3414 2913 3462 ac
2959 3387 3179 3461 salute
3224 3388 3821 3467 coniunctissimae
3880 3418 4049 3466 esse.
4150 3393 4431 3466 Ceteras

1397 3528 1555 3578 vero
1606 3505 2044 3579 abstrusioris
2094 3507 2507 3603 Theologiae
2556 3514 2785 3605 partes
2804 3566 2823 3594 ,
2872 3550 2971 3563 -
3018 3531 3245 3605 neque
3308 3508 3689 3585 reiicientes
3761 3536 3876 3585 eas
3942 3519 4233 3596 temere,
4302 3534 4433 3584 nec

1401 3622 1565 3696 data
1621 3647 1828 3720 opera
1872 3625 2324 3721 corrigenteS,
2371 3663 2473 3679 —-
2522 3626 2620 3698 sic
2672 3626 3098 3723 reliquerunt
3144 3628 3437 3702 intactas
3455 3686 3475 3715 ,
3544 3637 3623 3701 ut
3685 3630 3890 3703 tacite
3954 3636 4429 3727 superessent;

1404 3742 1591 3815 unde
1635 3741 1893 3817 factum
1915 3802 1935 3832 ,
1984 3751 2068 3816 ut
2111 3745 2366 3819 sensim
2415 3744 2982 3843 pedetentimque
3022 3747 3577 3821 antecedentium
3625 3755 4013 3847 temporum
4062 3749 4431 3822 theoretica

1409 3861 1736 3958 dogmata
1773 3870 2049 3936 tantum
2084 3887 2224 3935 non
2259 3864 2491 3939 omnia
2505 3923 2524 3953 ,
2553 3904 2656 3919 —
2686 3864 3020 3963 quicquid
3058 3890 3183 3963 per
3218 3866 3603 3941 seculorum
3648 3868 4015 3943 decursum
4054 3868 4428 3954 Ecclesiae,

1409 3979 1640 4077 potius
1681 4004 1894 4077 quam
1933 3983 2004 4057 S.
2036 3982 2458 4071 Literarum,
2508 3984 2889 4059 invaluerat
2920 3985 3357 4073 auctoritate,
3405 3986 3639 4084 ipsum
3676 3986 4085 4085 Symbolum
4120 3986 4428 4060 Pseudo-

1410 4082 1998 4209 rlthanasianum,
2051 4147 2154 4163 —
2210 4110 2571 4200 tamquam
2608 4128 2825 4179 ‚verae
2881 4111 2953 4178 et
3008 4104 3439 4179 indubitatae
3488 4106 3871 4203 Religionis
3927 4106 4307 4192 doctrinae,
4354 4104 4427 4176 in

1410 4218 1953 4292 Protestantium
1997 4244 2274 4318 quoque
2321 4223 2693 4321 Theologia
2741 4224 2968 4298 locum
3018 4250 3221 4298 suum
3272 4231 3767 4322 recuperarent.

1508 4336 1748 4410 Huius
1791 4336 2076 4435 quidem
2118 4340 2218 4413 rei
2251 4342 2462 4415 Pmn.
2509 4343 3097 4417 MELANcn‘roNIs
3142 4345 3313 4417 Loci
3345 4369 3707 4419 communes
3747 4344 3949 4418 nobis
3988 4368 4137 4420 esse
4176 4341 4429 4417 indicio

1413 4479 1492 4527 ac
1564 4456 1959 4531 testimonio
2021 4470 2332 4556 possunt.
2434 4461 2523 4533 In
2581 4462 2802 4559 prima
2867 4462 3191 4536 nimirum
3253 4464 3580 4561 praeclari
3641 4464 3851 4539 huius
3916 4464 4139 4563 operis
4156 4522 4175 4550 ,
4241 4462 4431 4560 quod

1410 4573 1884 4648 Ecclesiastico
1933 4576 2216 4651 Canone
2267 4578 2561 4679 dignum
2610 4580 2757 4677 ipse
2798 4580 3193 4656 Lernaeus
3251 4582 3519 4656 censuit
3541 4642 3561 4670 ,
3610 4582 3941 4671 editione,
4007 4584 4105 4657 sic
4150 4606 4431 4655 omnem

1413 4692 1814 4765 emendatae
1843 4696 2158 4791 exposuit
2185 4698 2716 4797 amplitudinem
2744 4699 3184 4801 Theologiae‚
3230 4710 3341 4791 ut,
3382 4702 3613 4777 missis
3644 4704 3943 4778 leviusve
3968 4700 4428 4801 perstrinctiS,
4494 4686 4497 4691 ¹

1413 4835 1590 4909 quae
1625 4811 1979 4886 Trinitatis
2018 4806 2412 4916 Christique
2445 4826 2733 4894 naturae
2774 4828 3083 4919 spectant
3124 4822 3489 4919 Mysteria,
3538 4823 3738 4913 lociS,
3786 4848 3867 4897 ea
3900 4822 4109 4896 modo
4148 4820 4433 4895 uberius
