4967 6217
1442 697 1567 764 100
2523 693 2601 760 c.
2670 690 2748 759 A.
2815 671 3378 760 assensus

1536 903 1648 975 Ne
1709 909 1941 976 tamen
2002 899 2530 976 admirationem
2585 906 2658 976 et
2714 899 2994 974 laudem
3045 905 3324 975 tantum
3377 898 3466 972 iis
3513 895 3924 972 tribuamus.
4025 899 4171 976 Qui
4211 897 4466 972 limites

1440 1019 1761 1096 scientiae
1826 1019 2169 1094 humanae
2234 1019 2708 1119 protulerunt,
2778 1017 2904 1118 qui
2957 1041 3170 1094 novas
3239 1019 3654 1092 invenerunt
3707 1015 3855 1092 vias
3915 1016 4008 1092 ad
4073 1015 4432 1092 veritatem
4445 1075 4464 1102 ‚

1437 1139 1615 1215 bene
1682 1137 1913 1213 meriti
1980 1145 2147 1212 sunt
2206 1137 2295 1212 de
2358 1137 2627 1214 cunctis
2691 1137 3006 1240 posteris.
3101 1139 3354 1236 Itaque
3415 1143 3698 1236 gratum
3747 1135 4062 1210 animum
4118 1159 4284 1234 erga
4339 1134 4465 1210 hos

1436 1257 1821 1358 significare
1870 1262 1945 1330 et
1996 1255 2492 1334 beneficiorum
2511 1315 2533 1346 ‚
2571 1281 2774 1357 quae
2815 1255 2906 1332 ab
2953 1256 3042 1330 iis
3089 1255 3570 1332 redundarunt
3587 1311 3609 1344 ,
3671 1277 4011 1330 memores
4065 1279 4218 1329 sese
4275 1279 4465 1353 prae-

1438 1385 1619 1454 stare
1637 1435 1658 1466 ‚
1708 1376 2031 1476 quisnam
2080 1363 2594 1452 sanctissimum
2640 1375 2952 1451 omnium
3005 1375 3310 1451 officium
3353 1399 3505 1450 esse
3549 1376 3812 1474 neget?

1532 1497 1757 1598 Decet
1818 1493 2137 1594 inprimis
2200 1519 2317 1570 eos
2330 1553 2352 1584 ‚
2403 1495 2662 1595 quibus
2727 1495 3150 1572 conservatio
3211 1501 3286 1569 et
3331 1494 3737 1596 propagatio
3785 1493 4074 1570 alicuius
4119 1492 4467 1568 doctrinae

1436 1624 1542 1692 est
1602 1615 1961 1715 imposita,
2030 1637 2269 1690 curare
2324 1637 2416 1689 ne
2464 1616 2950 1716 exstinguatur
2996 1615 3326 1690 memoria
3375 1637 3614 1690 eorum
3635 1671 3657 1704 ,
3705 1637 4002 1713 quorum
4049 1613 4348 1688 inventis
4395 1623 4464 1686 et

1438 1733 1789 1810 laboribus
1835 1733 2005 1809 haec
2051 1732 2207 1832 ipsa
2252 1732 2578 1810 scientiae
2625 1733 2974 1833 provincia
3021 1740 3128 1808 est
3171 1733 3606 1833 amplificata.

1530 1852 1687 1928 Tali
1744 1861 1982 1928 autem
2043 1851 2265 1927 officio
2326 1851 2457 1928 hac
2524 1851 2676 1954 ipsa
2731 1851 2900 1928 hora
2953 1851 3157 1952 iungi
3219 1857 3328 1926 est
3389 1851 3666 1928 animus
3729 1873 3896 1950 erga
3941 1849 4168 1924 virum
4207 1849 4456 1926 eximie

1438 1973 1527 2046 de
1600 1971 1899 2047 mathesi
1961 1971 2330 2060 meritum;
2420 1971 2614 2072 quod
2677 1995 2762 2046 eo
2819 1969 3090 2046 facilius
3163 1970 3434 2046 decrevi
3495 1969 3718 2046 facere
3739 2027 3761 2058 ‚
3857 1967 4024 2069 quia
4086 1969 4238 2068 ipse
4305 1969 4470 2044 olim

1437 2091 1703 2166 illustre
1786 2089 1923 2166 fuit
2003 2097 2490 2167 ornamentum
2553 2096 2828 2166 nostrae
2901 2087 3292 2166 academiae
3311 2147 3333 2178 ‚
3419 2087 3620 2170 cuius
3691 2087 3950 2164 festum
4027 2085 4212 2162 diem
4287 2111 4471 2162 nunc

1438 2209 1887 2286 celebramus.

1534 2328 1784 2404 Dicam
1820 2327 2039 2428 igitur
2079 2327 2167 2404 de
2202 2327 2250 2402 J
2251 2349 2552 2432 onasus
2592 2327 3107 2418 Bannounmm
3155 2328 3398 2403 eoeimio
3431 2327 3930 2412 mathematico,
3967 2326 4044 2400 in
4075 2327 4468 2410 Academia,

1434 2473 1611 2547 quae
1662 2449 2047 2548 Groninyae
2092 2453 2206 2522 est
2224 2503 2245 2534 ‚
2294 2447 2453 2522 olim
2480 2450 2885 2546 professore
2929 2447 3383 2522 celeberrima.

1530 2567 1644 2641 Ne
1698 2574 1933 2642 tamen
1973 2566 2237 2664 putetis
2294 2589 2410 2640 me
2476 2564 2632 2641 fuae
2694 2565 3046 2643 dicturum
3105 2589 3258 2640 esse
3323 2565 3412 2639 de
3465 2563 3766 2639 inventis
3827 2565 3980 2638 eius
4049 2587 4131 2638 ac
4183 2564 4471 2663 scriptis.

1434 2687 1539 2760 Ea
1611 2689 1889 2760 tantum
1954 2683 2043 2759 de
2112 2685 2263 2759 eius
2326 2683 2469 2760 vita
2525 2691 2598 2759 et
2645 2683 2970 2784 operibus
3018 2681 3450 2772 memorabo,
3501 2707 3681 2783 quae
3725 2682 4070 2760 sufficiant
4113 2691 4194 2757 ut
4237 2707 4468 2758 veram

1438 2803 1589 2879 eius
1646 2802 2029 2902 imaginem
2094 2801 2291 2878 vobis
2322 2801 2445 2878 .ob
2505 2801 2738 2878 oculos
2789 2827 3044 2903 ponam
3055 2836 3076 2894 ;
3141 2809 3364 2902 utque
3417 2801 3782 2880 ostendam
3845 2809 4186 2903 quantum
4225 2813 4468 2878 contu-

1438 2921 1595 2996 lerit
1639 2921 1755 3002 ad,
1780 2921 2248 2996 doctrinarum
2294 2919 2938 2998 mathematicarum
2985 2922 3584 3023 amplificationem
3635 2921 4284 3024 perfectionemque.

1534 3042 1735 3118 Licet
1798 3040 1961 3140 plus
2019 3040 2349 3140 temporis
2398 3063 2614 3139 quam
2657 3042 2968 3118 seculum
3013 3042 3365 3142 integrum
3411 3065 3499 3116 ex
3543 3040 3694 3118 eius
3738 3042 3939 3117 obitu
3993 3043 4087 3117 sit
4125 3043 4430 3142 elapsum
4449 3101 4466 3130 ‚

1438 3185 1580 3238 non
1625 3160 1882 3236 desunt
1936 3161 2032 3236 ad
2068 3161 2295 3236 virum
2334 3161 2676 3238 illustrem
2715 3169 2900 3238 recte
2947 3163 3504 3262 cognoscendum
3543 3160 3872 3238 subsidia.
3971 3163 4159 3238 Nam
4205 3161 4266 3236 si
4315 3163 4468 3262 quis

1438 3279 1571 3354 fuit
1621 3279 1746 3378 qui
1783 3279 2064 3380 publice
2104 3279 2389 3370 vixerit,
2440 3279 2566 3381 qui
2605 3281 2932 3358 omnibus
2975 3281 3244 3382 copiam
3287 3305 3362 3357 se
3403 3279 3832 3356 diiudicandi
3877 3279 4309 3380 praebuerit,
4357 3282 4466 3355 hic

1440 3423 1607 3476 sane
1650 3398 1808 3476 fuit.
1906 3401 2207 3476 Fructus
2248 3399 2399 3475 eius
2444 3401 2762 3478 laborum
2809 3426 3066 3502 magna
3109 3401 3520 3502 scriptorum
3562 3399 3738 3476 serie
3783 3399 4047 3501 publici
4091 3401 4262 3476 iuris
4305 3409 4466 3476 sunt

1436 3517 1599 3594 facti
1611 3551 1632 3607 ;
1702 3519 1877 3618 quin
1944 3517 2263 3595 intimam
2328 3545 2530 3596 suam
2603 3528 2911 3618 mentem
2967 3521 3275 3620 prodidit
3317 3520 3392 3594 in
3441 3519 3682 3594 multis
3731 3519 4038 3619 epistolis
4079 3520 4173 3595 ad
4217 3519 4467 3596 amicos

1436 3635 1745 3712 eruditos
1808 3636 2081 3735 scriptis
2142 3645 2213 3710 et
2284 3637 2359 3710 in
2430 3636 2659 3714 lucem
2723 3640 2950 3714 editis.
3063 3641 3226 3739 Ipse
3295 3663 3456 3714 vero
3525 3639 3996 3716 memorabilia
4065 3639 4246 3715 vitae
4301 3664 4464 3714 suae

1440 3753 1711 3853 scriptis
1748 3754 2103 3829 mandavit
2118 3787 2139 3843 ;
2190 3755 2752 3856 celeberrimique
2791 3759 3194 3833 eorumdem
3215 3767 3605 3860 temporum
3641 3759 3964 3858 aequales
3991 3761 4062 3833 in
4103 3759 4464 3836 academiis

1440 3872 1751 3947 Parisina
1770 3880 1839 3946 et
1866 3873 2295 3950 Berolinensi
2329 3874 2479 3950 eius
2511 3877 2912 3952 memoriam
2939 3877 3394 3956 recoluerunt.
3500 3877 3779 3957 Quibus
3809 3879 4134 3978 equidem
4161 3881 4464 3955 fontibus

1441 3990 1682 4067 sedulo
1736 3987 1893 4067 sum
1949 4017 2119 4067 usus
2134 4027 2155 4082 ;
2220 4017 2447 4094 neque
2497 3995 2574 4069 in
2615 3997 3210 4097 reprehensionem
3255 4007 3554 4074 vestram
3614 4023 3729 4074 me
3773 3999 4214 4075 incursurum
4257 4009 4460 4099 puto,

1440 4110 1501 4185 si
1560 4110 1788 4186 fassus
1850 4137 1966 4188 ero
2022 4112 2233 4187 etiam
2278 4133 2364 4187 ex
2422 4115 2592 4192 actis
2653 4117 2935 4192 senatl‘ls
2991 4117 3199 4192 huius
3262 4117 3651 4193 academiae
3714 4143 3828 4192 me
3882 4120 4426 4218 conquaesivisse
4439 4177 4458 4206 ,

1439 4255 1618 4330 quae
1668 4231 1760 4306 ad
1798 4231 2213 4308 illustranda
2259 4231 2403 4306 fata
2450 4242 2522 4308 et
2566 4258 2774 4333 opera
2819 4234 2948 4310 viri
2992 4235 3350 4312 clarissimi
3395 4237 3716 4313 facerent.

1532 4351 1809 4431 Quodsi
1868 4377 2009 4426 non
2070 4375 2349 4452 prorsus
2409 4352 2830 4452 imparatum
2890 4355 2983 4429 ad
3048 4381 3236 4455 opus·
3276 4357 3595 4432 accedere
3653 4381 3766 4432 me
3826 4358 4148 4457 profitear
4167 4416 4187 4446 ‚
4251 4358 4458 4431 nolite

1438 4478 1673 4545 tamen
1735 4472 2011 4548 credere
2074 4473 2316 4548 abesse
2376 4496 2419 4546 a
2484 4497 2600 4546 me
2647 4481 2912 4548 metum
2930 4532 2951 4562 ‚
3014 4484 3094 4548 ut
3140 4475 3378 4550 debito
3415 4476 3624 4551 modo
3676 4477 3764 4551 de
3807 4483 4005 4552 tanto
4051 4477 4194 4552 viro
4234 4477 4458 4552 coram

1437 4589 1633 4664 vobis
1703 4591 1911 4667 verba
1992 4591 2263 4671 faciam.
2386 4593 2742 4668 Persentio
2817 4594 3002 4668 enim
3089 4620 3302 4695 quam
3375 4597 3614 4695 procul
3693 4597 3920 4673 absim
4005 4625 4048 4674 a
4123 4597 4457 4697 dignitate

1441 4708 1732 4798 oratoria
1752 4767 1773 4797 ,
1841 4735 2052 4809 quam
2113 4738 2360 4812 parum
2428 4714 2690 4790 valeam
2759 4713 2908 4814 ipsa
2970 4715 3090 4791 illa
3134 4717 3405 4818 lingua,
3455 4741 3596 4817 qua
3643 4716 3748 4791 uti
3791 4717 3995 4791 hodie
4035 4717 4186 4818 lege
4230 4743 4454 4817 cogor.

1436 4828 1683 4926 Itaque
1751 4851 1842 4903 ne
1908 4829 2198 4942 nimium
2264 4859 2305 4909 a
2374 4859 2486 4910 me
2540 4835 2902 4934 postuletis
2959 4861 3117 4923 oro;
3185 4862 3273 4911 ne
3327 4837 3612 4914 oratoris
3667 4859 4026 4936 personam
4087 4862 4198 4912 me
4233 4855 4458 4936 ‘agere
