4967 6217
1802 689 2352 755 ORATIO.
3506 693 3588 757 21

569 899 643 972 in
669 896 1082 997 -dog'matica
1127 920 1207 971 ac
1255 920 1438 969 mere
1485 896 1856 973 theoretica
1904 924 2091 973 nunc
2154 896 2530 984 aberravit,
2596 902 2676 968 111
2728 924 2765 963 n
2778 894 3289 993 Theologorum
3349 895 3581 969 Eccle-

572 1018 674 1093 sia
691 1020 760 1106 ,’'
811 1018 1042 1117 potius
1089 1042 1300 1115 quam
1349 1016 1896 1091 Christianorum
1913 1077 1932 1106 ,
1980 1020 2066 1091 iis
2111 1018 2398 1117 quidem
2453 1014 2885 1114 temporibus
2906 1073 2925 1103 ,
2998 1022 3069 1088 et
3118 1016 3462 1089 videretur
3514 1024 3583 1088 et

571 1146 772 1211 esset.
885 1137 1107 1211 Cuius
1187 1138 1284 1210 rei
1364 1135 1835 1209 testimonium
1854 1194 1874 1221 ,
1954 1138 2166 1210 eheu!
2251 1136 2589 1209 habemus
2663 1136 2735 1209 in
2803 1136 3141 1209 Gnoafflo
3226 1134 3582 1223 CAmx'ro,

571 1281 844 1331 summo
885 1257 995 1331 sui
1033 1256 1358 1355 temporis
1409 1255 1552 1327 viro
1573 1311 1592 1340 ,
1642 1278 1850 1350 quem
1903 1253 2180 1329 verioris
2227 1250 2669 1351 Theologiae,
2716 1255 3031 1351 inprimis
3086 1279 3244 1329 vero
3285 1257 3587 1329 Moralie

451 1461 458 1470 ¹
568 1378 996 1473 Discgvlinae
1062 1382 1409 1449 auctorem
1470 1372 1674 1445 hodie
1730 1372 2014 1469 quidem
2077 1373 2448 1445 Germania
2496 1372 2843 1457 celebrat,
2920 1375 3247 1469 quoniam
3266 1432 3284 1461 ,
3355 1375 3545 1473 quod
3562 1434 3582 1463 ,

570 1502 732 1568 ante
778 1493 1300 1592 ‚quinquaginta
1359 1491 1500 1567 iam
1563 1498 1634 1563 et
1690 1490 1880 1589 quod
1947 1491 2245 1565 excurrit
2311 1516 2563 1576 annoS,
2632 1491 2985 1565 Dmmus
3046 1491 3120 1563 in
3186 1492 3587 1568 Reformata

569 1614 875 1687 Ecclesia
937 1618 1206 1709 egerat,
1271 1611 1460 1685 idem
1515 1610 1630 1683 1116
1681 1633 1867 1682 1111116
1917 1608 2182 1707 primus
2241 1608 2422 1681 inter
2477 1607 2911 1683 Lutheranos
2964 1633 3124 1681 suos
3165 1608 3601 1708 periclitatus

569 1738 694 1805 est.
793 1732 972 1805 Ecce
1016 1755 1176 1804 vero
1194 1789 1214 1818 ,
1264 1756 1404 1803 non
1454 1730 1738 1827 impune
1788 1729 2158 1802 Caunus
2202 1752 2590 1825 perversam
2634 1727 2821 1801 illam
2878 1752 2958 1803 ac
3003 1728 3323 1827 frigidam
3368 1730 3587 1804 Theo-

569 1850 788 1948 logiae
865 1874 991 1924 suo
1063 1859 1369 1948 tempore
1443 1850 1776 1924 rationem
1857 1847 2198 1921 debellare
2265 1847 2589 1921 instituit.
2706 1848 3149 1935 HaereticuS,
3214 1849 3356 1922 imo
3432 1874 3590 1923 vero

568 1969 944 2067 pessimus,
1011 1978 1286 2043 tantum
1344 1994 1486 2043 non
1540 1968 1863 2042 omnibus
1916 1970 2104 2042 visus
2149 1975 2276 2041 est.
2376 1968 2559 2039 Nam
2616 1965 2709 2039 ad
2758 1967 3220 2041 Christianam
3264 1967 3591 2042 virtutem

567 2089 825 2163 hortari
845 2146 864 2175 ,
913 2090 1378 2186 moralemque
1425 2090 1724 2163 hominis
1791 2090 2276 2187 perfectionem
2333 2111 2577 2185 urgere
2597 2144 2616 2174 ,
2666 2086 2795 2159 hoc
2853 2086 3108 2161 scilicet
3162 2094 3309 2161 erat
3358 2095 3595 2161 contra

573 2206 946 2281 Ecclesiam
992 2231 1309 2304 peccare3
1359 2214 1600 2305 utpote
1645 2232 1862 2304 quae,
1913 2206 2091 2307 male
2125 2205 2470 2279 intellecta
2514 2210 2585 2277 et
2621 2205 2933 2279 adhibita
2974 2208 3212 2281 Pium
3250 2207 3591 2295 doctrina,

569 2349 693 2424 per
747 2325 962 2399 solam
1015 2325 1226 2399 fidem
1286 2325 1638 2400 hominem
1688 2326 2040 2419 iustificari
2089 2325 2382 2399 volebat.
2481 2325 2587 2397 Eo
2642 2334 2829 2398 nun'c
2894 2326 3084 2423 peior
3142 2333 3213 2399 et
3268 2326 3595 2401 abiectior

570 2443 749 2519 facta
787 2452 894 2519 est
929 2440 1350 2543 Disciplinae
1387 2446 1660 2521 moralis
1684 2505 1704 2534 ,
1753 2446 2094 2544 imprimis
2127 2446 2308 2521 inter
2349 2444 2781 2519 Lutheranos
2802 2501 2820 2530 ,
2870 2444 3190 2518 conditi0.
3265 2445 3595 2544 Theologi

569 2564 753 2647 enim
805 2565 900 2639 sic
963 2566 1152 2638 illam
1219 2590 1536 2663 spernere
1583 2566 1790 2663 vulgo
1853 2590 1932 2645 66
1994 2565 2341 2661 despicere
2407 2570 2741 2661 pergunt,
2811 2570 2919 2649 ut,
2990 2562 3174 2635 illius
3244 2560 3591 2637 docendae

569 2684 824 2757 honore
875 2684 1308 2781 Philosophis
1359 2684 1594 2757 relicto
1639 2692 1760 2757 aut
1804 2684 2330 2770 IureconsultiS,
2395 2682 2530 2785 ipsi
2584 2682 2657 2753 in
2712 2681 3163 2777 Systematica
3208 2706 3334 2755 sua
3372 2683 3591 2755 Theo-

569 2802 750 2900 logia
788 2803 1120 2876 hactenus
1157 2810 1432 2875 tantum
1467 2803 1727 2900 Legem
1761 2803 1898 2875 Dei
1936 2803 2266 2875 moralem
2303 2806 2687 2899 exponant,
2733 2807 2843 2885 ut,
2889 2806 3325 2895 peecatorum
3364 2803 3597 2875 sensui

569 2916 1158 3014 conscientiaeque
1199 2917 1542 2991 morsibus
1577 2918 1903 2991 acuendis
1933 2920 2196 3015 potius,
2247 2943 2458 3017 quam
2496 2918 2772 2992 virtutis
2808 2918 3123 3015 vitaeque
3164 2919 3593 2996 Christianae

574 3038 804 3111 studio
849 3037 1094 3109 alendo
1146 3061 1226 3111 66
1275 3036 1770 3111 corroborando
1790 3095 1808 3124 ,
1857 3063 1900 3111 a
1945 3039 2098 3111 Deo
2143 3038 2332 3111 illam
2381 3036 2617 3111 datam
2664 3060 2813 3110 esse
2862 3036 3201 3112 docerent.

669 3274 865 3353 Quid
903 3276 1144 3374 plura?
1243 3275 1627 3349 Redierunt
1663 3301 1847 3351 nunc
1888 3283 2233 3375 tempora,
2283 3276 2541 3373 quibus
2590 3275 2967 3351 orthodoxa
3008 3276 3269 3350 ratione
3309 3277 3593 3365 sentire,

569 3394 710 3466 imo
749 3418 958 3477 caeca
988 3394 1126 3467 fide
1162 3395 1484 3491 amplecti
1512 3395 1890 3492 acriterque
1914 3396 2256 3487 vindicare
2293 3395 2627 3491 quicquid
2662 3396 3005 3469 Ecclesiae
3041 3397 3205 3469 olim
3243 3397 3597 3469 statuisset

570 3510 938 3585 auctoritas
955 3568 975 3597 ,
1023 3511 1264 3583 maiori
1307 3512 1510 3608 longe
1553 3512 1814 3585 solebat
1853 3512 2074 3610 pretio
2115 3514 2459 3587 aestimari
2479 3570 2499 3599 ,
2552 3536 2767 3609 quam
2805 3537 3001 3587 verae
3038 3513 3275 3587 virtuti
3316 3514 3593 3587 studere

507 3622 518 3633 ⁰
571 3652 928 3725 unumque
978 3628 1334 3702 Christum
1381 3630 1546 3702 fidei
1595 3631 1911 3727 vitaeque
1961 3632 2211 3705 ducem
2259 3641 2328 3703 et
2375 3632 2910 3727 antesignanum
2962 3633 3179 3728 sequi.

663 3748 950 3821 Frustra
991 3749 1264 3844 placent
1321 3749 1704 3823 innumeris
1752 3751 2009 3823 IAcom
2042 3752 2394 3846 SPnNERI,
2437 3750 2563 3823 viri
2615 3751 2903 3837 summi,
2962 3781 2996 3819 u
3012 3752 3372 3826 Desideria
3407 3753 3593 3851 pia.”

537 3858 851 3939 ⁸Frustra
913 3866 1204 3939 aliorum
1285 3865 1510 3939 ubivis
1568 3874 1896 3966 parantur
1955 3868 2290 3966 practicae
2347 3866 2697 3967 religionis
2760 3880 2993 3945 contra
3056 3872 3355 3945 sterilem
3414 3872 3591 3947 hanc

571 3984 979 4083 Theologiae
1043 3986 1378 4059 rationem
1445 3986 1891 4061 vindicandae
1951 3994 2256 4061 conatus.
2355 3988 2549 4061 Lites
2615 3990 2928 4063 omnium
2994 3990 3453 4065 futillissimae
3522 4002 3592 4066 et

570 4128 858 4178 numero
905 4105 1448 4203 multiplicantur
1507 4115 1576 4178 et
1633 4106 1999 4207 acerbitate
2040 4114 2372 4182 crescunt.
2473 4109 2639 4207 Ipsa
2681 4110 3111 4207 generosiora
3160 4111 3339 4185 vitae
3390 4111 3589 4185 Chri-

575 4222 833 4297 stianae
871 4224 1352 4299 instaurandae
1396 4224 1629 4298 studia
1673 4224 1747 4297 in
1792 4226 2119 4324 pietatem
2165 4226 2294 4299 hoc
2341 4235 2647 4326 tempore
2694 4227 2952 4302 abeunt
2994 4254 3180 4303 mere
3227 4231 3587 4303 asceticam

574 4350 784 4441 atque
833 4344 1250 4432 morbosam;
1303 4346 1471 4418 dum
1501 4342 1765 4419 'contra
1809 4346 2273 4443 Dogmatismi
2327 4346 2650 4419 severitas
2696 4348 2885 4446 apud
2934 4348 3327 4422 innumeros
3376 4349 3586 4423 fidem
3688 4444 3705 4451 ἢ

575 4462 730 4550 alit,
779 4463 1154 4537 ferventem
1185 4465 1466 4561 quidem
1501 4465 1642 4537 imo
1671 4472 1742 4537 et
1769 4463 2384 4561 pugnacissimam,
2428 4470 2539 4553 at,
2576 4465 2713 4539 nisi
2738 4466 3246 4540 fraudulentam
3276 4468 3589 4541 minusve
3664 4528 3669 4537 .

575 4582 946 4669 sinceram,
995 4584 1239 4656 saltem
1285 4584 1596 4657 servilem
1645 4585 1866 4681 magis
1915 4593 1984 4657 et
2027 4609 2212 4665 mere
2259 4590 2609 4658 externam
2632 4643 2651 4672 ,
2702 4610 2913 4682 quam
2962 4593 3083 4657 aut
3126 4584 3421 4659 vividam
3467 4596 3589 4661 aut

576 4701 1004 4777 Christianae
1069 4702 1449 4777 sanctitatis
1499 4704 1854 4777 nutricem.
1960 4703 2156 4780 Quid
2199 4704 2454 4777 mirum
2474 4763 2495 4792 ,
2565 4703 2625 4777 si
2672 4705 2779 4779 vel
2824 4712 3089 4778 nostras
3140 4704 3255 4778 ille
3274 4764 3293 4793 ,
3346 4707 3589 4779 veteris

577 4828 806 4897 tamen
872 4820 1256 4897 traditionis
1323 4823 1748 4921 dogmaticae
1812 4823 2187 4899 admodum
2249 4831 2458 4899 tenax
2478 4883 2498 4913 ‚
2578 4825 3107 4901 BERNARmNus
3172 4848 3266 4899 DE
3323 4826 3547 4899 Moos
3570 4884 3589 4912 ‚
