4967 6217
1415 710 1545 777 222
2596 708 2647 775 1.
2707 708 2778 777 C.
2836 708 2917 777 G.
2976 708 3259 776 3001·

1415 924 1636 989 torem
1700 912 2084 999 Iulianum,
2147 910 2675 991 infestissimum
2746 914 3297 991 Christianorum
3362 914 3631 988 hostem
3652 970 3671 1000 ‚
3741 914 3865 1011 qui
3936 915 4425 993 humanitatem

1409 1035 1499 1107 iis
1537 1038 1902 1131 erepturus
1941 1030 2172 1108 edicto
2199 1032 2457 1122 vetuit,
2504 1056 2595 1109 ne
2628 1033 2903 1134 antiqui
2936 1036 3300 1136 scriptores
3342 1033 3417 1107 in
3456 1056 3695 1107 eorum
3736 1032 3985 1109 scholis
4024 1034 4428 1135 legerentur.

1411 1151 1734 1251 Denique
1793 1150 2080 1227 audiant
2146 1152 2408 1253 egregii
2469 1152 2775 1254 theologi
2826 1178 3049 1255 nuper
3109 1152 3419 1229 defuncti
3458 1176 3693 1227 vocem
3716 1209 3737 1240 ‚
3787 1154 3911 1251 qui
3950 1154 4277 1231 censebat
4326 1157 4429 1231 his

1413 1271 1662 1346 studiis
1709 1270 2036 1347 obsoletis
2077 1298 2158 1347 ac
2201 1272 2535 1371 neglectis
2578 1273 2751 1348 nihil
2796 1298 2997 1372 posse
3042 1274 3479 1375 ingruentem
3528 1270 3911 1346 barbariem
3960 1298 4003 1348 a
4046 1274 4385 1374 theologia
4406 1334 4425 1361 ,

1411 1390 1770 1489 antiquam
1817 1398 2090 1467 noctem
2137 1390 2228 1466 ab
2277 1392 2643 1467 emendata
2688 1393 2973 1469 ecclesia
3020 1400 3321 1470 avertere
3370 1392 3490 1483 ¹⁴).

1507 1510 1624 1584 Ad
1665 1510 1878 1585 finem
1919 1510 2408 1610 disputationis
2447 1513 2731 1611 perveni
2749 1570 2769 1601 ‚
2818 1536 2999 1611 quae
3032 1512 3295 1587 nnllam
3336 1509 3547 1585 habet
3578 1507 3668 1583 ab
3710 1510 4101 1607 argumenti
4134 1512 4423 1585 novitate

1409 1630 2096 1707 commendationem.
2197 1632 2384 1731 Ergo
2441 1630 2503 1705 si
2556 1656 2600 1706 a
2666 1630 2863 1707 vobis
2918 1628 3081 1707 solis
3140 1628 3381 1705 audita
3440 1636 3623 1703 esset
3636 1687 3656 1717 ,
3719 1627 3843 1726 qui
3902 1636 4243 1726 quantum
4299 1630 4421 1705 hae

1405 1748 1642 1823 literae
1681 1750 1948 1847 prosint
1985 1749 2079 1825 ad
2121 1774 2362 1825 omnes
2401 1749 2583 1825 vitae
2620 1774 2793 1827 usus
2824 1760 2899 1825 et
2936 1750 3031 1825 ad
3064 1748 3419 1825 veritatem
3436 1806 3456 1835 ,
3504 1748 3917 1847 elegantiam
3934 1806 3955 1836 ,
4003 1748 4421 1823 honestatem

1405 1868 1944 1963 promovendam
1991 1868 2130 1969 ipsi
2173 1869 2438 1969 experti
2483 1870 2651 1947 estis
2664 1928 2685 1959 ‚
2742 1869 2871 1945 viri
2918 1867 3299 1945 doctissimi
3318 1926 3337 1955 ,
3400 1874 3629 1942 uterer
3672 1864 3983 1941 clausula
4026 1866 4421 1941 Demosthe·

1405 1984 1591 2060 nica:
1689 1986 1852 2059 Non
1917 1994 2024 2061 est
2078 1988 2272 2085 quod
2339 1990 2541 2088 plura
2594 1988 2858 2077 dicam3
2918 1988 3095 2063 nihil
3153 1988 3339 2063 enim
3400 2009 3641 2061 eorum
3660 2044 3681 2071 ,
3742 2008 3923 2083 quae
3976 2010 4019 2059 a
4080 2008 4193 2059 me
4246 1984 4423 2059 dicta

1405 2108 1605 2189 sunt,
1656 2126 1777 2178 vos
1821 2103 2137 2202 ignorare
2183 2106 2426 2204 opinor
2467 2108 2591 2197 18).
2692 2108 2833 2181 Sed
2878 2106 3277 2206 professoris
3326 2128 3585 2181 munus
3622 2104 4021 2201 auspicatus
4060 2104 4421 2179 maximam

1407 2217 1614 2293 vestri
1675 2220 2015 2297 rationem
2089 2222 2162 2295 in
2229 2228 2641 2319 argumento
2712 2222 3029 2322 eligendo
3096 2232 3169 2297 et
3234 2223 3637 2323 explicando
3702 2222 4095 2299 habendam
4160 2222 4425 2321 putavi,

1401 2340 1973 2437 praestantissimi
2037 2338 2504 2417 adolescentes
2524 2398 2545 2430 ,
2604 2340 2917 2441 illudque
2976 2342 3317 2443 imprimis
3376 2342 3716 2443 spectavi,
3780 2350 3863 2415 ut
3920 2340 4235 2415 studium
4281 2342 4423 2439 phi-

1405 2456 1693 2557 lologiae
1736 2458 1932 2535 vobis
1973 2460 2550 2537 commendarem.
2648 2461 2889 2537 Nostri
2926 2461 3164 2565 proavi
3196 2462 3269 2535 in
3318 2462 3760 2561 antiquarum
3798 2459 4149 2535 literarum
4198 2458 4427 2535 studio

1399 2586 1818 2674 regnarunt3
1883 2585 2196 2659 nostrum
2262 2587 2370 2655 est
2427 2580 2604 2657 hanc
2677 2580 2957 2657 laudem
3012 2580 3357 2657 vindicam
3422 2590 3495 2656 et
3550 2604 3787 2657 cavere
3806 2638 3826 2667 ,
3888 2604 3975 2652 ne
4030 2578 4107 2651 id
4154 2578 4343 2677 quod
4386 2602 4427 2649 a

1401 2696 1718 2791 patribus
1788 2697 1992 2774 nobis
2056 2698 2390 2776 traditum
2461 2709 2568 2776 est
2634 2710 2757 2777 aut
2820 2708 3057 2801 pereat
3124 2708 3247 2779 aut
3310 2710 3581 2777 nostrae
3652 2698 3997 2777 socordiae
4078 2698 4283 2796 culpa
4338 2694 4429 2770 ad

1399 2814 1570 2891 alios
1615 2824 1938 2893 transeat.

2739 3544 3041 3647 'DIXL
