4967 6217
1381 611 1471 678 38

2309 608 2521 679 ACTA
2568 610 2669 677 ET
2714 607 2973 677 GESTA
3016 609 3105 675 m
3150 606 3482 675 SENATU.

1827 817 2081 892 Rector
2127 842 2166 891 e
2216 816 2563 892 Cathedsa
2609 814 2785 889 dixit
2828 814 3269 891 Orationem:
3336 816 3421 889 de
3464 816 3737 889 multum
3784 840 4042 914 semper
4088 818 4421 917 hodieque

1731 938 2048 1037 neylectia
2119 938 2504 1037 Relzyionie
2596 936 3025 1009 Christianae
3104 934 3327 1008 indole
3406 942 3613 1033 atque
3694 960 3965 1011 munere
4023 939 4359 1033 practicis
4378 973 4412 1021 ;

1728 1064 1798 1129 et
1843 1054 1986 1131 fata
2028 1055 2447 1131 Academiae
2492 1079 2675 1131 anno
2721 1054 2955 1129 elabso
3002 1052 3578 1129 commemoravit.

1819 1293 2154 1368 Recitatis
2219 1292 2308 1367 ab
2357 1291 2689 1369 Actuario
2732 1290 3013 1391 judiciis
3072 1290 3515 1365 Facultatum
3558 1291 3647 1366 de
3688 1278 4409 1366 commentationibus

1726 1438 1852 1511 pro
1900 1412 2293 1487 Certamine
2340 1412 2637 1487 literario
2690 1410 3090 1509 conscriptis
3110 1468 3130 1499 ,
3177 1410 3733 1509 renunciatisque
3778 1410 4141 1486 Victorum
4186 1412 4405 1484 nomi-

1725 1529 1935 1606 nibus
1951 1589 1972 1620 ,
2039 1532 2294 1607 Rector
2351 1530 2772 1631 Magnificus
2832 1529 3135 1631 praemia
3196 1552 3403 1603 aurea
3472 1528 3721 1603 tribuit
3790 1528 4077 1604 Civibus
4141 1529 4405 1603 Acade-

1721 1650 1917 1725 micis
1963 1651 2182 1725 hisce:

1823 1770 1934 1841 Ex
1989 1770 2227 1843 ordine
2278 1767 2817 1867 Disciplinarum
2874 1765 3526 1841 Mathematicarum
3580 1772 3651 1839 et
3706 1764 4157 1863 Physicarum
4218 1765 4431 1867 Lao-0

1731 1908 1980 1960 mano
2039 1888 2502 1961 AnnxAnnno
2553 1885 2831 1959 Jolmm
2868 1884 3407 1971 Bononasnrx,
3454 1884 3681 1959 Math.
3729 1891 3801 1958 et
3838 1883 4017 1958 Phil.
4066 1884 4236 1963 Nat.
4282 1906 4403 1957 nec

1727 2030 1866 2080 non
1913 2004 2306 2079 Medicinae
2351 2004 2741 2079 Candidato
2785 2004 2859 2077 in
2907 2003 3037 2077 hac
3084 2002 3564 2079 Universitate.

1822 2126 1932 2198 Ex
1997 2124 2237 2199 eodem
2298 2124 2537 2197 ordine
2595 2124 2641 2195 J
2644 2146 2871 2197 OANNI
2916 2122 3341 2209 Bosscnin,
3402 2121 3626 2196 Math.
3670 2129 3742 2195 et
3786 2120 3966 2198 Phil.
4008 2122 4172 2195 Nat.
4224 2123 4399 2196 Can-

1727 2241 1964 2316 didato
2009 2242 2084 2315 in
2132 2240 2260 2315 hac
2307 2240 2791 2317 Universitate.
2847 2240 2855 2251 ”

1813 2362 1926 2435 Ex
1991 2360 2231 2434 ordine
2299 2359 2781 2461 Philosophiae
2842 2360 3280 2435 Theoreticae
3330 2365 3402 2433 et
3454 2358 3842 2435 Literarum
3890 2358 4405 2434 Humaniorum

1729 2481 2067 2553 Gnoaolo
2129 2479 2434 2567 Burnus,
2490 2480 2702 2557 Liter.
2766 2480 2989 2557 Hum.
3046 2478 3434 2555 candidato
3497 2485 3569 2552 et
3610 2476 4021 2577 Theologiae
4086 2478 4405 2553 Studioso

1717 2595 1794 2669 in
1839 2595 1969 2670 hac
2017 2595 2503 2671 Universitate.
4252 2579 4255 2586 ¹

1824 2714 1936 2787 Ex
1983 2714 2234 2789 ordine·
2270 2716 2316 2787 J
2321 2715 2915 2791 ureconsultomm
2954 2716 3000 2791 J
3003 2738 3238 2791 ⁴mono
3279 2718 3617 2791 Amomo
3664 2716 3940 2807 Faum,
3990 2715 4037 2790 J
4040 2716 4181 2793 uris
4222 2718 4401 2793 Can-

1723 2832 1962 2908 didato
2007 2830 2082 2909 in
2128 2832 2258 2911 hac
2305 2834 2789 2911 Universitate.
3511 2852 3527 2865 ‘

1821 3042 2074 3147 Rector
2156 3042 2579 3173 Magnificus
2668 3073 3087 3149 solemnibus
3174 3074 3399 3149 verbis
3486 3073 3795 3171 deposito
3882 3072 4288 3172 magistratu
4362 3099 4403 3144 e

1723 3190 2070 3267 Cathedra
2117 3192 2474 3281 descendit
2520 3198 2591 3268 et
2635 3192 2709 3267 in
2758 3192 3083 3269 subsellia
3128 3192 3327 3311 redit.

1825 3432 2106 3506 Novum
2159 3430 2532 3503 Rectorem
2588 3428 3047 3530 Magnificum
3110 3426 3533 3507 Professores
3584 3430 4017 3505 deduxerunt
4075 3428 4149 3502 in
4208 3452 4399 3503 sena-

1719 3550 1955 3623 culum
2005 3556 2075 3623 et
2123 3547 2613 3623 salutaverunt.
3830 3563 3838 3573 '
