4967 6217
1255 788 1264 797 .
1361 690 1442 759 16
2329 680 2657 755 MCOLAI
2699 684 3161 755 CHRISTIANI
3204 688 3395 755 ms'r

1360 902 1539 975 vitae
1582 896 1942 974 hominum
1983 918 2176 969 verae
2216 894 2418 994 eique
2450 902 2764 971 aeternae
2795 893 3198 971 excitandae
3234 893 3558 971 inserviat
3594 918 3673 968 ac
3707 894 4181 995 perficiendae.
4258 892 4377 973 Sic

1360 1020 1532 1095 adeo
1568 1016 1843 1093 verioris
1887 1014 2158 1089 virtutis
2208 1014 2637 1091 Christianae
2692 1016 2883 1091 omni
2923 1006 3203 1089 notione
3246 1013 3366 1087 isti
3424 1013 3809 1089 Orientales
3870 1015 4228 1105 carebant,
4292 1026 4374 1093 ut

1355 1101 1681 1213 moralem
1713 1133 2010 1209 hominis
2043 1133 2627 1220 emendationem,
2676 1157 2815 1207 non
2852 1133 2927 1205 in
2961 1130 3089 1206 hac
3122 1130 3262 1205 vita
3302 1130 3644 1230 agendam
3673 1132 3781 1207 vel
3820 1132 4369 1233 adsequendam,

1353 1257 1476 1330 sed
1515 1280 1558 1329 a
1595 1254 1848 1327 futuris
1893 1254 2176 1327 demum
2221 1260 2380 1351 post
2426 1258 2715 1325 mortem
2768 1249 3299 1350 purgationibus
3344 1250 3832 1349 expectandam
3889 1276 4037 1326 esse
4082 1277 4363 1351 persua-

1352 1374 1702 1451 sissimum
1750 1373 1885 1447 sibi
1927 1373 2282 1447 haberent.

1451 1494 1593 1568 Sed
1658 1492 1944 1593 provida
2005 1491 2336 1565 Numinis
2398 1492 2662 1565 factum
2726 1497 2857 1565 est·
2898 1490 3093 1581 cura,
3164 1498 3278 1579 ut,
3348 1490 3759 1589 procedente
3818 1490 4214 1590 Religione,
4284 1516 4369 1568 ex

1355 1614 1640 1687 Oriente
1698 1612 1790 1685 ad
1854 1612 2151 1684 Graecos
2214 1609 2614 1709 propediem
2676 1609 2993 1710 princeps
3045 1608 3321 1683 verterit
3378 1609 3744 1707 Euangeh'i
3808 1608 3988 1683 inter
4055 1610 4370 1687 homines

1351 1732 1568 1805 sedes,
1668 1731 1798 1803 Est
1853 1728 2182 1803 nimirum
2237 1728 2719 1803 efflorescentis
2768 1729 2949 1803 inter
2996 1730 3292 1803 Graecos
3337 1727 3685 1803 Ecclesiae
3721 1729 3889 1803 haec
3928 1728 4369 1828 potissimum

1347 1851 1566 1927 virtus
1604 1874 1684 1924 ac
1728 1849 1979 1948 gloria,
2028 1848 2250 1947 quod,
2303 1848 2645 1923 debellata
2696 1848 3154 1923 Orientalium
3198 1846 3663 1935 aberratione,
3730 1847 3873 1920 suis
3938 1848 4198 1922 finibus
4242 1850 4368 1925 cir-

1349 1967 1806 2043 cumscribere
1835 1966 2356 2064 accuratiusque
2387 1966 2528 2040 iam
2560 1965 2845 2042 definire
2868 1974 2939 2041 et
2961 1991 3300 2066 exponere
3326 1968 3550 2064 ipsam
3583 1964 3965 2065 Religionis
3989 1967 4370 2043 doctrinam

1352 2090 1639 2187 eiusque
1679 2088 1930 2187 placita
1976 2087 2294 2185 coeperit.
2343 2126 2446 2143 —-
2491 2086 2591 2159 At
2644 2087 2875 2161 videas
2891 2145 2910 2175 ,
2974 2110 3230 2186 quaeso
3252 2132 3279 2175 ,-
3340 2093 3683 2185 quantum
3732 2086 3974 2161 Graeci
4022 2086 4176 2175 isti,
4239 2086 4375 2161 bac

1349 2208 1460 2281 via
1515 2208 1802 2281 ulterius
1833 2192 2398 2305 progredientes),
2461 2230 2677 2280 novae
2728 2206 2855 2279 sua
2912 2205 3059 2280 vice
3109 2212 3420 2279 auctores
3466 2204 3855 2278 exstiterint
3901 2204 4366 2285 aberrationia

1348 2330 1491 2400 Suo
1521 2328 1732 2400 enimx
1743 2326 2013 2424 abrepti
2046 2326 2278 2399 studio
2310 2325 2876 2423 philosophandi,
2924 2326 3149 2424 ipsam
3176 2324 3503 2399 Divinam
3536 2324 3971 2424 Religionem
4012 2331 4369 2424 tamquam

1341 2445 1856 2543 Philosophiam
1917 2451 2236 2518 tractant.
2333 2444 2670 2519 Humana
2732 2469 2894 2519 cum
2954 2443 3229 2519 Divinis
3294 2444 3621 2517 audacter
3692 2444 4148 2518 confundunt.
4246 2444 4367 2519 Nil

1339 2565 1511 2665 ipsis
1555 2558 1874 2638 arduum.
1975 2563 2245 2636 Arcana
2286 2562 2423 2635 Dei
2460 2570 2755 2639 tentant.
2857 2562 3070 2641 Quod
3106 2587 3265 2636 vero
3306 2562 3538 2662 peius:
3592 2562 3835 2647 Sacrae
3870 2563 4030 2637 licet
4064 2564 4368 2663 Paginae

1189 2702 1198 2713 ·
1341 2684 1600 2759 finibus
1663 2681 2062 2780 longissime
2127 2682 2533 2755 excedentes
2553 2741 2572 2769 ,
2644 2707 2785 2755 non
2847 2690 3081 2757 tamen
3144 2681 3278 2755 sibi
3334 2681 3627 2780 singuli,
3678 2682 3802 2755 sed
3847 2682 3997 2755 aliis
4042 2683 4365 2758 omnibus

1343 2801 1754 2876 Christianis
1771 2860 1790 2889 ‚
1838 2800 2160 2873 videntur
2211 2800 2346 2874 sibi
2401 2801 2884 2901 philosophari.
2984 2802 3091 2876 Eo
3144 2824 3371 2899 usque
3418 2800 3749 2897 processit
3800 2800 3875 2874 in
3920 2802 4366 2878 conscientias
4460 2804 4479 2815 ⁶

1341 2922 1705 2997 hominum
1759 2918 2159 2995 dominandi
2199 2918 2414 2993 libido
2429 2978 2449 3009 ,
2500 2928 2614 3008 ut,
2666 2920 3137 2995 determinatis
3178 2926 3439 2992 temere
3453 2975 3473 3005 ‚
3524 2942 3701 3017 quae
3746 2943 3887 3019 rnec
3946 2922 4099 2996 Deo
4138 2921 4363 2998 visum

1343 3048 1449 3116 est
1497 3042 1794 3116 revelare
1808 3098 1828 3128 ,
1875 3046 2112 3114 tamen
2162 3038 2336 3136 quid
2383 3040 2807 3114 credendum
2872 3040 2960 3115 de
3018 3040 3107 3113 iis
3169 3045 3351 3113 esset
3365 3096 3403 3139 ,ὓ
3450 3038 4023 3136 praescriberetur
4074 3042 4364 3140 singulis

1341 3160 1808 3235 Conciliorum
1872 3159 2295 3234 auctoritate.
2347 3202 2448 3218 —
2498 3159 2611 3233 Sic
2670 3159 2917 3259 igitur,
2965 3160 3147 3233 inter
3202 3160 3499 3231 Graecos
3547 3158 3885 3258 primum,
3935 3160 4361 3250 Christiana,

1341 3304 1517 3377 quae
1559 3280 1812 3354 dicitur
1829 3338 1850 3368 ,
1900 3277 2274 3376 Theologia
2323 3286 2490 3353 nata
2539 3287 2666 3355 est.
2762 3280 2864 3353 At
2912 3279 3009 3353 sic
3054 3278 3275 3377 ipsius
3316 3276 3609 3351 Divinae
3650 3277 4030 3377 Religionis
4080 3294 4360 3357 omnem

1337 3396 1696 3495 occupavit
1752 3395 1920 3470 haec
1967 3395 2271 3468 humana
2321 3396 2695 3494 Theologia
2742 3395 2989 3473 locum.
3088 3396 3456 3495 Euangelii
3502 3396 3687 3473 enim
3700 3456 3722 3485 ,
3770 3396 4057 3497 eiusque
4105 3399 4356 3475 indolis

1337 3516 1618 3590 omnino
1671 3515 2038 3612 practicae,
2099 3520 2246 3586 tam
2292 3514 2512 3587 altum
2554 3515 2833 3589 interim
2876 3523 2983 3590 est
3028 3515 3217 3589 hisce
3274 3516 3555 3589 Graecis
3596 3516 3947 3592 silentium
3964 3576 3984 3606 ,
4036 3526 4117 3594 ut
4168 3518 4359 3593 libris

1340 3632 1733 3731 argumenti
1793 3630 2044 3717 critici,
2114 3630 2516 3729 dogmatici,
2584 3633 2901 3731 polemici
2946 3632 3231 3733 quidem
3282 3631 3543 3706 Orbem
3598 3634 4033 3731 repleverint,
4083 3637 4359 3713 moralis

1305 3754 1499 3825 'vero
1570 3776 1666 3825 ac.
1709 3772 1866 3823 vere
1934 3746 2216 3847 practici
2284 3748 2398 3822 vix
2466 3750 2681 3825 ullam
2742 3757 2901 3850 post
2966 3776 3040 3826 se
3096 3750 3517 3850 reliquerint.
3572 3791 3670 3807 —-
3733 3749 3929 3830 Quid
3984 3752 4357 3851 quaeritis?

1339 3870 1592 3943 Fervor
1659 3867 2092 3967 dogmaticus
2166 3873 2237 3941 et
2301 3868 2679 3966 polemicus
2746 3870 3059 3944 omnium
3129 3878 3201 3944 et
3264 3866 3531 3944 mentes
3596 3877 3886 3969 occupat
3946 3872 4350 3973 animosque

1337 3990 1664 4067 incendit.
1762 3988 2452 4087 Dilacerantibusque
2508 3989 2885 4063 Ecclesiam
2918 3989 3159 4065 litibus
3209 4013 3397 4063 mere
3438 3988 3827 4064 theoreticis
3864 4014 3959 4067 ac.
3992 3992 4348 4091 metaphy-

1339 4110 1497 4185 sicis
1513 4169 1534 4200 ,
1600 4134 1792 4198 ecce,
1859 4108 2162 4207 frigescit
2221 4110 2426 4196 fides,
2485 4108 2771 4207 languet
2827 4109 3079 4199 virtus,
3139 4110 3455 4185 exsulant
3501 4134 3639 4208 pax
3694 4116 3903 4207 atque
3952 4109 4231 4199 caritas,
4258 4118 4351 4185 ·et
4454 4204 4474 4215 -

1337 4228 1585 4321 facilis,
1636 4228 1846 4303 eheu!
1897 4228 2418 4302 Monamrnms
2463 4227 2778 4328 religioni
2823 4236 3105 4328 paratur
3148 4226 3447 4304 victoria.
3470 4264 3487 4295 ο

1439 4464 1674 4541 Quare
1715 4463 1805 4541 A.
1833 4464 1926 4549 A.
1975 4464 2034 4538 si
2071 4463 2256 4539 bono
2295 4464 2433 4539 Dei
2473 4467 2755 4542 consilio
2798 4468 3057 4543 factum
3104 4472 3241 4555 est,
3304 4473 3384 4539 ut
3427 4466 3883 4542 Orientalium
3934 4467 4007 4541 in
4050 4466 4353 4573 Ecclesia

1337 4580 1766 4681 principatus
1807 4590 2012 4659 antea
2051 4584 2334 4660 Graecis
2377 4584 2681 4676 cederet,
2728 4587 2919 4663 haud
2964 4592 3152 4662 certe
3191 4584 3440 4661 minori
3482 4586 3631 4661 eius
3678 4586 4009 4662 beneficio
4066 4568 4346 4673 accidit,

1339 4706 1421 4775 ut
1455 4701 1582 4776 hos
1625 4726 1753 4776 sua
1787 4701 1933 4776 vice
1949 4702 2182 4777 Latini
2217 4704 2628 4803 exceperint.
2726 4705 2829 4779 Hi
2861 4704 3076 4792 enim,
3125 4704 3315 4803 quod
3340 4703 3481 4777 iam
3520 4702 3798 4777 Cremo
3839 4702 3969 4777 ait:
4022 4690 4348 4777 nomnem

1337 4819 1612 4897 virtutis
1641 4819 1920 4897 laudem
1949 4820 2024 4897 in
2055 4821 2322 4898 actione
2347 4826 2761 4923 ponentes,'’
2810 4824 2882 4898 in
2915 4822 3220 4899 Ecclesia
3256 4846 3566 4921 quoque,
3614 4846 3755 4897 non
3790 4821 4358 4923 philosophantes
