4967 6217
1580 711 1969 779 SERIES
2058 707 2714 779 LECTIONUM.
3535 708 3664 774 181
3793 776 3800 783 .

644 920 923 994 Clinicis
972 918 1561 993 emer-citationibus
1598 917 1673 992 in
1708 918 2123 994 Nosocomio
2163 916 2582 993 Academico
2639 912 2909 989 vacabit
2947 912 3256 1013 quotidie
3294 912 3464 989 hora
3505 880 3668 989 XII‘

544 1097 555 1107 .
632 1043 703 1111 et
740 1036 944 1125 dim.;
994 1040 1366 1112 Anatomen
1404 1040 1701 1135 corporis
1740 1039 2013 1113 humani
2050 1045 2347 1137 exponet
2388 1036 2638 1133 diebus
2674 1033 3045 1124 Mercurii,
3094 1033 3280 1109 Iovis
3297 1092 3318 1123 ,
3365 1031 3654 1109 Veneris

494 1172 501 1179 “
630 1164 702 1229 et
748 1156 1029 1230 Saturni
1074 1157 1242 1230 hora
1284 1154 1392 1228 IV
1404 1188 1424 1244 ;
1490 1157 1993 1231 dissentionibus
2033 1158 2428 1251 cadaverum
2476 1154 2892 1228 Anatomicis
2943 1158 3252 1252 tempore
3309 1158 3649 1250 oportuno

634 1274 1077 1351 instituendis
1125 1273 1433 1373 quotidie
1478 1274 1791 1372 praeerit.
1828 1302 1837 1309 ·

875 1511 987 1585 IN
1033 1507 1594 1585 FAOULTATE
1642 1506 2269 1583 DISCIPLINAR
2277 1507 2420 1581 UM
2466 1506 3414 1583 MATHEMA'I'ICARUM
3523 1602 3536 1613 ο

1720 1628 1845 1704 ΕΤ
1888 1626 2553 1705 PHYSICARUM.

722 1868 1196 1943 fflmnuus
1265 1866 1768 1943 Cnms’runus
1842 1888 1991 1942 vau
2047 1865 2271 1940 Ham,
2334 1864 2447 1939 die
2516 1864 2841 1955 Veneris,
2915 1865 3100 1941 horis
3149 1866 3332 1941 VIII
3384 1875 3455 1941 et
3505 1868 3654 1956 IX,

628 1988 1018 2063 autumnali
1092 1994 1165 2061 et
1232 1986 1491 2062 aestivo
1556 1995 1865 2085 tempore
1942 1985 2155 2059 etiam
2220 1984 2335 2059 die
2396 1984 2583 2059 Iovis
2663 1992 2734 2059 et
2811 1984 3094 2059 Saturni
3107 2043 3128 2073 ,
3201 1986 3368 2060 hora
3431 1985 3614 2059 VIII
3636 2044 3656 2073 ,

620 2106 947 2185 elementa
988 2108 1359 2182 Botanices
1398 2103 1791 2181 illustrabit.
1890 2106 2261 2178 Botanices
2302 2104 2711 2177 sublimioris
2753 2103 3004 2179 selecta
3045 2106 3388 2203 quaedam
3427 2106 3654 2205 capita

622 2226 849 2301 tradet
892 2226 1005 2301 die
1045 2225 1335 2300 Veneris
1354 2283 1374 2314 ,
1434 2226 1601 2299 hora
1642 2224 1777 2299 XI.
1877 2222 2014 2297 Die
2058 2222 2391 2297 Mercurii
2438 2221 2624 2297 horis
2666 2222 2782 2297 IX
2829 2230 2902 2296 et
2945 2222 3018 2297 X
3061 2231 3222 2323 aget
3265 2224 3352 2297 de
3395 2224 3652 2323 plantis

620 2346 1125 2419 medicinalibus
1186 2344 1475 2441 aliisque
1534 2342 1721 2418 vario
1782 2350 2103 2442 respectu
2151 2344 2428 2416 utilibus
2445 2399 2465 2429 ,
2535 2343 2681 2417 sive
2738 2342 2826 2417 de
2874 2345 3219 2418 Bolanica
3269 2346 3614 2442 applicata
3635 2404 3654 2432 ,
3791 2434 3798 2441 ὁ

620 2463 861 2537 ordine
953 2462 1402 2538 Familiarum
1496 2462 1979 2538 naturalimn.
2073 2460 2208 2533 Die
2278 2460 2561 2535 Saturni
2627 2469 2899 2552 autem,
2970 2462 3155 2537 horis
3220 2462 3293 2536 X
3365 2471 3437 2538 et
3510 2463 3658 2551 XI,

632 2583 1094 2657 Oeconomiam
1137 2584 1433 2657 ruralem
1476 2580 1771 2657 docebit.
1822 2624 1918 2638 —
1972 2580 2142 2655 Post
2184 2580 2387 2655 ferias
2422 2582 2794 2678 paschales
2831 2588 2904 2657 et
2949 2606 3188 2657 mense
3241 2585 3622 2681 Septembri
3637 2642 3656 2670 ,

617 2700 881 2777 alterna
946 2699 1378 2775 hebdomade
1392 2760 1415 2790 ,
1492 2700 1605 2775 die
1676 2701 2023 2777 Mercurii
2086 2700 2255 2775 hora
2319 2706 2488 2781 mat.
2561 2698 2705 2773 VII
2767 2702 3266 2777 eoecursionibus
3332 2703 3659 2777 botanicis

618 2820 935 2920 praeerit.

716 2942 945 3015 Ianus
994 2942 1459 3015 Gummmrus
1498 2940 1885 3015 Euunams
1928 2938 2175 3015 diebus
2218 2938 2440 3028 Iovis,
2493 2938 2782 3013 Veneris
2831 2947 2903 3014 et
2941 2939 3257 3027 Saturni,
3307 2941 3476 3015 hora
3503 2941 3616 3015 XI
3637 3002 3656 3031 ,
3805 2942 3812 2949 ’

622 3060 1095 3135 Aritlcmetices
1113 3115 1133 3146 ,
1224 3059 1560 3157 Alyebrae
1574 3108 1596 3140 ‚
1696 3059 2137 3132 Geometm'ae
2202 3063 2274 3131 et
2349 3058 2922 3156 Zbiyonometriae
2973 3062 3244 3156 planae
3317 3059 3656 3136 elementa

616 3177 985 3275 explicabit
998 3210 1017 3265 ;
1112 3177 1471 3275 Physicam
1540 3179 2127 3275 coperimentalem
2216 3174 2490 3249 docebit
2575 3176 2824 3249 diebus
2911 3178 3096 3250 Iovis
3115 3235 3135 3265 ,
3210 3176 3502 3251 Veneris
3585 3190 3656 3253 et

621 3296 941 3384 Saturni,
988 3298 1157 3371 bora
1194 3296 1365 3371 XII.
1466 3297 1831 3394 Physicam
1872 3296 2303 3370 theoreticam
2346 3294 2697 3382 universe,
2746 3300 2871 3369 aut
2919 3295 3168 3371 selecta
3207 3295 3356 3371 eius
3393 3297 3653 3395 capita,

622 3416 1159 3516 provectioribus
1212 3416 1568 3515 discipulis
1616 3421 1932 3512 exponet.
2029 3414 2145 3488 De
2188 3414 2586 3488 Matbeseos
2629 3414 2972 3488 elementis
3025 3416 3406 3515 disquisitio
3446 3414 3655 3490 habe-

622 3534 814 3609 bitur
860 3536 1109 3610 diebus
1155 3536 1374 3624 IoviS,
1422 3534 1711 3610 Veneris
1760 3542 1831 3609 et
1871 3533 2190 3622 Saturni,
2240 3532 2407 3607 hora
2452 3532 2924 3631 pomeridiana
2967 3534 3106 3609 III.

708 3655 1091 3731 NIOOLAUS
1136 3657 1464 3730 Mummii
1510 3654 1757 3729 diebus
1792 3654 2035 3727 Lunae
2074 3660 2145 3726 et
2186 3652 2477 3740 Martis,
2529 3652 2697 3727 hora
2733 3653 2882 3741 IX,
2917 3654 3048 3729 die
3085 3678 3242 3729 vero
3279 3616 3648 3745 Mercurii,

608 3776 778 3850 bora
822 3774 1005 3862 XII,
1051 3774 1375 3849 lectiones
1424 3774 1710 3849 habebit
1750 3774 1837 3847 de
1900 3774 2173 3847 Cb‘emia
2211 3773 2528 3871 ,qenerali
2573 3780 2644 3847 et
2693 3798 3034 3870 corporum
3077 3778 3643 3873 anoryanicorum.

609 3891 879 3969 Diebus
947 3895 1189 3970 Lunae
1210 3953 1231 3984 ,
1296 3894 1471 3999 ‘hora
1512 3892 1660 3967 XII
1682 3950 1701 3981 ,
1772 3898 1843 3967 et
1905 3892 2090 3967 Iovis
2115 3950 2135 3981 ,
2205 3890 2374 3966 hora
2435 3890 2509 3963 X
2522 3949 2542 3979 ,
2629 3893 2966 3969 Chemiam
3017 3895 3637 3991 pharmaceuticum

612 4013 859 4087 tradet.
956 4012 1227 4088 Diebus
1286 4014 1529 4089 Lunae
1574 4020 1649 4087 et
1688 4013 1937 4088 Martis
1948 4052 1977 4101 ·,
2046 4012 2215 4087 bora
2262 4010 2403 4099 VI,
2451 4035 2521 4108 p.
2583 4036 2674 4085 m.
2699 4069 2719 4099 ,
2803 4014 3112 4089 Cleemiae
3163 4015 3648 4115 technoloqicae

610 4134 839 4229 capita
899 4130 973 4203 in
1032 4156 1239 4206 usum
1294 4132 1655 4231 publicum
1708 4130 2100 4208 illustrabit.
2202 4132 2582 4205 Eoeercitiis
2628 4129 2926 4231 denique
2975 4133 3282 4209 chemicis
3307 4136 3644 4231 practicis

611 4248 779 4325 varii
826 4250 1097 4349 generis
1146 4251 1458 4349 quotidie
1504 4252 1819 4351 praeerit.

706 4368 1171 4447 Gmmrzmffls
1238 4372 1629 4448 Anninus
1698 4372 2093 4447 Euserium}
2157 4371 2403 4447 diebus
2470 4372 2654 4446 Iovis
2729 4380 2802 4446 et
2871 4370 3195 4460 Saturni,
3265 4370 3432 4447 hora
3479 4370 3632 4461 IX,

614 4488 1158 4566 Stereometriam
1221 4499 1294 4566 et
1366 4492 1957 4593 Zbiyonometm‘am
2030 4494 2447 4595 sphaericam
2520 4489 2814 4567 docebit.
2937 4491 3238 4565 Selectos
3304 4493 3640 4593 Alyebrae

609 4605 791 4681 locos
842 4607 1165 4682 tractabit
1212 4610 1461 4686 diebus
1517 4612 1759 4687 Lunae
1803 4620 1875 4685 et
1918 4612 2209 4699 Martis,
2257 4610 2425 4685 hora
2476 4610 2607 4686 XI.
2706 4611 3196 4685 Astronomiam
3233 4612 3630 4710 popularem

609 4727 836 4801 tradet
908 4728 1021 4803 die
1080 4730 1457 4823 Mercurii,
1520 4731 1689 4807 hora
1734 4733 1813 4821 I,
1872 4739 1945 4807 et
2000 4732 2169 4805 hora
2213 4730 2638 4828 vespertina,
2687 4737 2924 4829 postea
2962 4729 3351 4806 indicanda.
3457 4733 3624 4806 θεο-

610 4849 914 4925 metriam
986 4852 1394 4949 analyticam
1414 4909 1437 4943 ,
1527 4852 1864 4929 Calculum
1932 4852 2447 4949 diffem’nlialem
2517 4855 2590 4925 et
2651 4851 3044 4951 inteqralem
3065 4874 3094 4943 ,·
3157 4842 3622 4929 Mechanicam
