4967 6217
1434 650 1819 718 SERIES
1910 649 2566 719 LECTIONUM.

678 856 1204 933 Arithmeticam
1266 856 1720 933 universalem
1741 915 1761 946 ,
1830 856 1972 931 sive
2025 856 2403 957 Algebram
2421 916 2441 945 ,
2503 857 2768 945 tradet,
2819 856 3066 932 diebus

3423 654 3506 716 41

780 978 1033 1051 Martis
1081 985 1152 1051 et
1199 977 1531 1052 Mercurii
1610 1030 3068 1053 .....................
3110 975 3278 1050 hora
3298 974 3501 1049 VIII.

872 1103 944 1170 et
993 1096 1105 1171 die
1153 1098 1199 1169 J
1200 1097 1345 1171 ovis
1390 1152 3069 1172 ........................

682 1216 1045 1290 Calculum
1126 1214 1670 1289 Differentialem
1752 1220 1825 1287 et
1916 1213 2336 1312 Integralem
2418 1221 2708 1288 tractare
2795 1222 3074 1313 perget,

776 1335 1167 1434 civiumque
1242 1332 1785 1407 academicorum
1852 1332 2116 1420 studia,
2188 1332 2264 1406 in
2328 1332 2479 1405 aliis
2552 1332 3068 1430 disciplinarum

776 1453 1417 1528 mathematicarum
1508 1451 1822 1550 partibus
1840 1510 1860 1539 ‚
1948 1453 2187 1551 juvare
2255 1459 2380 1525 aut
2467 1451 2807 1526 moderari
2878 1452 3069 1527 haud

772 1573 1135 1647 recusabit.
2960 1666 2970 1679 ⁸

483 1695 567 1767 F.
599 1693 888 1766 Knsmz
915 1692 1431 1767 Astronomiam
1466 1691 1909 1767 theoreticam
1947 1690 2203 1780 tradet,
2252 1690 2502 1765 diebus
2547 1692 2792 1766 Lunae
2809 1750 2828 1779 ,
2879 1693 3067 1766 Mar-

578 1811 669 1885 tis
688 1870 707 1899 ,
756 1810 1089 1885 Mercurii
1134 1820 1204 1885 et
1250 1811 1299 1884 J
1299 1812 1445 1885 ovis
1532 1868 3063 1887 ......................

672 1930 1189 2005 Astronomiam
1234 1930 1641 2029 practicam,
1688 1931 1937 2004 iisdem
1986 1929 2235 2004 diebus
2332 1986 3070 2005 ...........

677 2050 1229 2137 Astronomiam,
1280 2073 1487 2147 quam
1522 2050 1921 2147 popularem
1960 2058 2237 2137 vocant,
2286 2051 2514 2125 tradet
2547 2050 2795 2185 diebus
2829 2050 3069 2124 Lunae

772 2179 842 2242 et
888 2168 1259 2255 Mercurii,
1310 2168 1479 2241 hora
1525 2167 1911 2264 vespertina
1960 2225 3064 2244 ................

674 2289 841 2361 Post
884 2286 1087 2361 ferias
1131 2286 1483 2385 paschales
1528 2294 1761 2361 autem
1806 2287 1973 2361 hora
2015 2288 2318 2385 quadam
2368 2287 2745 2419 matutina,
2795 2288 3063 2361 audito-

767 2405 962 2480 ribus
1012 2407 1390 2483 commoda.

675 2525 1039 2601 Theoriam
1106 2534 1339 2600 motus
1400 2551 1760 2625 corporum
1812 2525 2211 2600 coelestium
2270 2532 2341 2599 et
2389 2524 2904 2623 disquisitiones
2963 2549 3065 2598 se-

768 2646 981 2719 lectas
1000 2703 1020 2732 ,
1089 2644 1176 2719 de
1246 2644 1913 2743 perturbationibuS,
1985 2669 2157 2742 quas
2221 2651 2453 2718 motus
2508 2668 2868 2741 corporum
2919 2668 3070 2717 coe-

778 2762 1059 2836 lestium
1106 2763 1466 2861 patiuntur
1484 2822 1503 2851 ,
1552 2763 1732 2861 aptis
1778 2763 1963 2836 horis
2010 2762 2611 2837 commentabitur.

675 2882 1001 2979 Singulos
1064 2906 1223 2956 suos
1282 2882 1627 2956 auditores
1646 2939 1665 2969 ,
1732 2882 1824 2956 ad
1871 2881 2140 2956 coelum
2159 2940 2179 2969 ‚
2228 2882 2383 2956 tubi
2438 2881 2649 2980 optici
2697 2906 2862 2981 ope,
2914 2905 3064 2978 per-

766 3002 1205 3075 lustrandum
1223 3060 1241 3088 ,
1292 3002 1471 3101 aptis
1518 3000 1943 3099 temporibus
1992 3000 2322 3076 evocabit.

675 3120 869 3193 Artis
916 3120 1323 3195 observandi
1370 3122 1707 3195 exercitiis
1754 3121 2065 3219 quotidie
2110 3121 2421 3219 praeerit.

476 3241 563 3311 Gr.
615 3238 712 3312 H.
770 3262 867 3312 nr.
915 3237 1196 3312 Vnmsn
1267 3239 1819 3339 Phytographiae
1849 3240 2333 3315 ·fundamenta
2396 3240 2624 3315 tradet
2679 3241 3070 3314 autumnali

576 3366 923 3456 tempore,
975 3357 1265 3454 singulis
1316 3358 1561 3431 diebus
1594 3418 1610 3432 .
1667 3417 1682 3432 .
1740 3417 1755 3431 .
1813 3390 1867 3432 .·
1882 3412 3055 3433 .................

670 3476 1077 3548 Plantarum
1115 3476 1599 3573 indigenarum
1639 3483 1711 3549 et
1743 3476 2011 3550 medica
2051 3475 2305 3549 virtute
2340 3474 2804 3573 praeditarum
2847 3476 3060 3549 histo·
3175 3544 3178 3547 ,

765 3592 939 3668 riam
984 3595 1358 3669 illustrabit
1411 3620 1617 3669 verno
1669 3602 1741 3667 et
1783 3595 2041 3669 aestivo
2097 3602 2404 3692 tempore
2422 3653 2441 3682 ,
2518 3594 2766 3668 diebus
2810 3594 3058 3668 iisdem

667 3713 1177 3812 Physiologiam
1245 3715 1639 3813 plantarum
1680 3724 2034 3812 exponet,
2107 3714 2356 3787 diebus
2425 3714 2667 3789 Lunae
2687 3772 2706 3801 ,
2770 3712 3020 3788 Martis
3043 3771 3061 3799 ,
3141 3714 3146 3719 ’

702 3912 713 3923 ‚
769 3832 1103 3905 Mercurii
1150 3840 1221 3906 et
1267 3834 1461 3908 Jovis
1530 3890 3064 3909 ......................

674 3951 973 4025 Selectas
1024 3952 1525 4026 demonstrabit
1568 3952 1861 4027 familias
1908 3953 2252 4026 naturales
2270 4011 2291 4043 ,
2339 3952 2586 4026 iisdem
2635 3950 2884 4025 diebus
2973 4012 2986 4024 .
3048 4011 3060 4024 .

672 4070 1213 4144 Excursionibus
1242 4071 1578 4145 botanicis
1605 4072 1900 4169 praeerit
1934 4070 2045 4144 die
2072 4072 2385 4159 Saturni,
2437 4080 2600 4168 apta
2629 4078 3059 4169 tempestate.

676 4186 1059 4263 Historiam
1099 4190 1493 4288 plantarum
1535 4190 1803 4264 medica
1842 4190 2095 4265 virtute
2140 4190 2606 4290 praeditarum
2645 4196 2716 4263 et
2750 4188 3064 4288 pharma-

770 4308 1097 4404 cognosin
1139 4311 1336 4408 regni
1387 4309 1787 4409 vegetabilis
1830 4319 1900 4385 et
1944 4310 2255 4385 animalis
2300 4311 2475 4384 duce
2512 4309 3062 4406 Pharmaeopoea

778 4424 1235 4500 Neerlandica
1292 4427 1543 4502 futuris
1596 4429 2102 4527 pharmaceutis
2155 4429 2382 4503 tradet
2428 4428 2613 4503 horis
2660 4426 3056 4502 commodis.

482 4546 557 4618 P.
604 4544 685 4617 L.
729 4543 1001 4630 111an,
1049 4542 1230 4618 Prof.
1265 4546 1621 4621 Extraord.
1640 4604 1659 4632 ,
1706 4546 2071 4643 Physicam
2110 4546 2712 4644 experimentalem
2746 4543 3052 4631 docebit,

583 4660 827 4735 diebus
876 4661 1156 4750 Lunae,
1204 4664 1494 4750 Martis,
1542 4664 1911 4753 Mercurii,
1959 4664 2151 4739 Jovis
2200 4672 2271 4739 et
2317 4664 2604 4739 Veneris
2642 4747 2658 4763 ‚
2679 4722 3056 4740 ......

671 4780 1035 4876 Physicam
1086 4782 1648 4859 Mathematicam
1696 4784 1925 4859 tradet
1938 4842 1958 4875 ,
2010 4784 2253 4861 diebus
2300 4785 2542 4861 Lunae
2588 4791 2659 4859 et
2702 4784 2992 4860 Veneris
3042 4844 3058 4859 .

3369 1094 3501 1166 IX.

3373 1812 3506 1885 IX.

3423 2170 3507 2241 V.

3325 4664 3495 4738 XII.

3288 4784 3492 4857 VIII.
