4967 6217
1834 694 2383 762 oRAr1o.
3064 666 3067 669 ’
3471 696 3596 761 1:23

668 902 903 981 Etiam
957 902 1154 992 Tibi,
1222 900 1797 977 aestumatissime
1860 924 2009 976 van
2058 901 2320 976 HALL!
2391 901 2820 1002 gratulamur
2880 904 3180 978 laborem
3201 963 3220 992 ,
3273 902 3589 978 nondum

573 1032 839 1114 actum,
890 1024 1014 1099 sed
1056 1025 1282 1099 fausto
1328 1023 1559 1097 omine
1604 1028 2022 1119 susceptum.
2124 1022 2500 1122 Componis
2544 1047 2796 1122 nempe
2832 1018 3108 1129 Floram
3147 1010 3540 1123 plantarum
3563 1082 3581 1111 ,

570 1146 647 1219 in
710 1144 894 1243 agris
960 1144 1161 1219 cultis
1223 1141 1674 1216 crescentium
1734 1142 2087 1240 pratisque
2147 1150 2422 1216 nost-rae
2491 1142 2788 1241 patriae3
2841 1132 3032 1240 quod
3073 1144 3357 1241 quidem
3418 1142 3584 1217 facis

571 1263 1023 1338 invitantibus
1082 1262 1399 1359 plurimis
1472 1259 1906 1334 oeconomiae
1968 1260 2213 1333 ruralis
2274 1261 2535 1359 peritis.
2632 1260 2794 1335 Tibi
2843 1286 3120 1361 quoque
3163 1263 3318 1336 Rex
3359 1270 3605 1361 aperte

574 1384 1015 1485 significavit,
1054 1380 1299 1479 quanti
1336 1378 1543 1453 faciat
1585 1379 1965 1453 doctrinam
1998 1386 2194 1453 tuam
2234 1386 2307 1453 et
2343 1379 2684 1478 peritiam.
2785 1381 3146 1455 Praeterea
3191 1381 3266 1453 id
3299 1380 3454 1455 Tibi
3501 1406 3588 1455 ex

572 1511 729 1579 voto
758 1500 1085 1599 contigit,
1125 1498 1315 1597 quod
1344 1497 1605 1586 schola,
1644 1497 2103 1597 agriculturae
2142 1498 2396 1587 dicata,
2434 1521 2647 1597 quam
2689 1498 3037 1586 creavisti,
3073 1500 3294 1598 magis
3334 1500 3586 1600 magis-

484 1646 488 1650 ·
572 1648 709 1723 que
744 1623 961 1697 floret.
1061 1619 1173 1693 Ita
1217 1618 1475 1691 sensim
1514 1617 1739 1715 magis
1782 1618 2044 1715 occasio
2081 1618 2241 1693 Tibi
2280 1618 2489 1694 datur
2528 1618 2790 1717 patriae
2831 1619 3273 1717 proficiendi;
3311 1620 3410 1695 ita
3442 1645 3586 1695 ma-

569 1743 678 1843 gis
706 1742 1065 1841 magisque
1094 1737 1651 1837 comprobatione
1680 1736 2215 1836 intelligentium
2240 1746 2312 1812 et
2338 1738 2681 1813 bonorum
2715 1738 2982 1812 labores
3013 1739 3119 1813 tui
3147 1739 3588 1815 honorantur.

662 1864 825 1936 Non
887 1884 1167 1960 prorsus
1232 1857 1568 1933 absimilis
1635 1882 1678 1931 a
1744 1858 1955 1931 florae
2010 1858 2299 1933 alicuius
2340 1858 2832 1958 compositione
2876 1858 3070 1933 labor
3119 1867 3226 1933 est
3273 1859 3389 1934 ille
3407 1918 3427 1947 ‚
3478 1862 3592 1934 cui

569 1982 680 2057 Tu
713 2005 953 2079 praees
991 1962 1121 2051 hoc
1156 1984 1461 2075 tempore
1478 2036 1497 2065 ,
1535 1976 1637 2051 vir
1665 1976 2040 2052 clarissime
2074 2000 2171 2050 nn
2193 1977 2457 2051 Vama!
2493 1977 2792 2051 Lexicon
2821 1976 3044 2067 enim,
3078 1978 3151 2051 in
3191 1977 3391 2051 cuius
3433 2002 3593 2053 con·

565 2100 859 2176 fectione
902 2099 1109 2205 multi
1148 2122 1337 2171 nunc
1381 2096 1508 2170 viri
1547 2098 1843 2185 eruditi,
1893 2098 1993 2173 Te
2028 2090 2435 2196 praeeunte,
2488 2106 2653 2171 sunt
2693 2098 3049 2195 occupati,
3100 2097 3239 2172 dici
3289 2088 3590 2172 meretur

564 2220 767 2295 Flora
821 2219 1099 2317 linguae
1152 2216 1715 2293 Nederlandicae.
1836 2217 1987 2292 Nec
2049 2240 2297 2316 parum
2359 2217 2666 2316 proderit
2733 2224 2921 2292 recto
2997 2216 3159 2290 usui
3235 2224 3306 2289 et
3369 2217 3588 2291 cultui

564 2338 842 2437 linguae
906 2343 1201 2411 nostrae.
1300 2337 1517 2410 Recte
1580 2360 1745 2411 sane
1805 2361 1955 2411 rem
2018 2337 2261 2436 populi
2320 2360 2471 2411 esse
2530 2336 2967 2422 iudicarunt,
3039 2335 3162 2432 qui
3219 2334 3588 2433 imperium

562 2464 803 2532 tenent
856 2456 932 2529 in
984 2479 1199 2553 regno
1242 2464 1495 2562 *nostro
1552 2463 1625 2529 et
1681 2454 1967 2553 Belgico
1989 2514 2007 2541 ‚
2056 2454 2157 2529 ita
2196 2462 2277 2529 ut
2318 2454 2596 2554 publice
2650 2454 2998 2528 sumtibus
3047 2454 3587 2530 succurrendum

564 2600 713 2651 esse
784 2582 1161 2651 censerent.
1275 2576 1579 2649 Faustus
1644 2575 1734 2648 sit
1799 2573 2051 2648 laboris
2118 2573 2303 2649 illius
2363 2580 2690 2660 eventus;
2755 2581 2910 2647 tum
2949 2573 3418 2653 Nederlandia
3463 2564 3586 2648 tuo

562 2695 972 2795 gloriabitur
1014 2692 1295 2768 nomine
1320 2750 1340 2779 ,
1388 2694 1981 2791 quemadmodum
2030 2696 2397 2767 Gmmms
2446 2693 2591 2767 suis
2639 2692 3033 2768 Germania.

657 2815 893 2889 Etiam
931 2812 1125 2901 Tibi,
1176 2812 1638 2885 eruditissime
1682 2796 2037 2886 anxniz!
2088 2814 2397 2912 gratulor
2434 2812 2736 2887 laborem
2773 2820 3029 2885 actum.
3128 2813 3334 2885 Forte
3381 2837 3594 2910 quem

562 2932 769 3007 velim
855 2956 1058 3030 rogas
1075 2989 1095 3018 ,
1165 2953 1386 3027 quum
1456 2928 1714 3004 multos
1779 2928 2127 3027 scripseris
2193 2929 2403 3004 libros
2464 2937 2536 3004 et
2587 2931 2936 3005 doctrinae
2982 2938 3144 3007 tuae
3191 2932 3593 3031 multiplicis

562 3060 635 3127 et
678 3074 963 3151 poeseos
1018 3050 1238 3123 ‘studii
1286 3054 1517 3124 testes.
1616 3048 1981 3123 Poeticum
2033 3072 2199 3123 sane
2244 3074 2419 3149 opus
2461 3076 2649 3126 nunc
2689 3076 2831 3125 non
2879 3058 3112 3150 specto
3130 3109 3151 3138 ‚
3203 3051 3326 3125 sed
3371 3052 3592 3127 utilis-

565 3172 865 3246 simum:
934 3168 1212 3243 tertiam
1288 3191 1541 3267 nempe
1620 3175 1891 3268 partem
1957 3168 2251 3267 catalogi
2338 3169 2796 3244 bibliothecae
2864 3169 3310 3245 academicae.
3427 3172 3598 3245 For·

562 3298 747 3367 tasse
808 3289 1043 3364 minus
1103 3287 1371 3387 legetur
1430 3288 1609 3371 illud
1677 3312 1853 3385 opus
1917 3294 2121 3361 tuum
2146 3345 2168 3376 ,
2226 3312 2440 3386 quam
2491 3288 2626 3363 alia
2677 3312 2856 3386 quae
2915 3287 3364 3387 composuisti
3415 3287 3594 3363 bene

565 3408 829 3497 multa;
900 3408 1025 3481 sed
1090 3414 1351 3481 teretur
1410 3413 1644 3481 tamen
1704 3430 1747 3481 a
1800 3430 1943 3480 non
1988 3405 2265 3504 paucis,
2332 3406 2455 3505 qui
2494 3406 2686 3480 haud
2735 3406 2883 3480 sine
2928 3406 3164 3481 fructu
3205 3430 3462 3506 magno
3515 3431 3600 3483 eo

563 3534 870 3603 utentur.
947 3525 1061 3599 ·Id
1124 3549 1478 3623 speramus
1540 3530 1721 3599 certe
1747 3582 1767 3611 ‚
1832 3525 1943 3598 'ru
1988 3530 2059 3597 et
2104 3548 2278 3622 ego;
2346 3525 2512 3623 quia
2534 3584 2553 3613 ,
2603 3550 2766 3599 cum
2807 3524 3010 3599 nobis
3051 3550 3216 3600 cura
3261 3526 3592 3601 mandata

566 3653 675 3721 est
732 3644 1187 3720 bibliothecae
1204 3700 1225 3731 ,
1296 3644 1471 3718 nihil
1534 3640 1755 3741 magis
1814 3650 2135 3741 optamus
2158 3701 2178 3731 ,
2244 3667 2458 3740 quam
2517 3652 2601 3717 ut
2659 3645 2774 3719 ille
2843 3644 3177 3719 librorum
3224 3645 3592 3720 thesaurus

565 3764 790 3865 magis
849 3765 1211 3863 magisque
1258 3763 1583 3837 inserviat
1652 3762 1902 3837 studiis
1962 3768 2115 3838 tum
2182 3755 2439 3838 civium
2499 3763 2889 3853 academiae
2959 3771 3110 3837 tum
3161 3764 3590 3839 eruditorum

566 3883 857 3959 aliorum
906 3880 1395 3980 quorumlibet.
2430 3974 2443 3983 ι
3642 3894 3654 3899 ’

664 4004 775 4076 Ex
807 4001 1007 4075 initio
1040 4000 1205 4073 inde
1240 4000 1449 4073 huius
1484 3999 1650 4073 anni
1684 3998 1901 4075 civilis
1934 4023 2103 4073 usus
2134 3998 2467 4074 librorum
2503 4006 2776 4103 nostrae
2815 4001 3204 4078 academiae
3246 4003 3595 4079 liberalius

570 4119 853 4197 concedi
888 4128 1171 4219 coeptus
1208 4128 1316 4194 est
1354 4144 1566 4219 quam
1598 4127 1759 4195 ante
1776 4177 1799 4206 ,
1836 4117 2185 4193 liberalius
2224 4117 2401 4193 forte
2442 4145 2654 4218 quam
2690 4120 2766 4194 in
2812 4120 2958 4195 ulla
2995 4121 3129 4197 alia
3179 4122 3596 4197 bibliotheca

574 4239 873 4340 publica.
957 4239 1246 4314 Gaudeo
1286 4262 1401 4314 me
1438 4239 1647 4313 rebus
1684 4236 1821 4311 illis
1863 4236 2113 4315 melius
2158 4237 2558 4329 ordinandis
2601 4239 2866 4338 aliquid
2907 4240 3211 4315 conferre
3239 4241 3592 4340 ·potuisse;

574 4382 701 4434 nec
755 4356 1017 4457 putabo
1074 4382 1188 4431 me
1246 4365 1525 4458 tempus
1584 4364 1656 4431 et
1719 4380 1996 4455 operam
2020 4414 2038 4443 ‚
2108 4381 2321 4456 quam
2385 4382 2571 4458 pono
2611 4360 2686 4433 in
2743 4359 3158 4435 bibliotheca
3196 4360 3446 4434 melius
3491 4360 3595 4434 in-

574 4476 905 4553 struenda
922 4534 942 4565 ,
993 4475 1275 4575 perdere
1291 4535 1311 4565 ,
1362 4477 1621 4575 quippe
1665 4456 1869 4574 agere
1914 4498 2027 4549 me
2076 4476 2395 4551 existimo
2442 4477 2633 4577 quod
2681 4478 2832 4553 aliis
2881 4478 3050 4553 utile
3099 4479 3210 4555 sit.

672 4598 917 4675 Quum
984 4594 1085 4668 ita
1144 4603 1388 4693 sponte
1447 4594 1837 4670 devenerim
1890 4592 1983 4668 ad
2044 4593 2466 4670 mentionem
2523 4596 2990 4688 subsidiorum
3042 4597 3433 4673 academiae
3450 4654 3471 4685 ,
3521 4597 3595 4673 in

576 4718 703 4793 hac
748 4740 825 4791 re
871 4736 1177 4813 pergam.
2204 4730 2211 4735 ·

677 4836 859 4910 Sunt
941 4857 1104 4909 sane
1174 4831 1292 4907 illa
1374 4831 1684 4909 subsidia
1762 4833 2067 4932 parciora
2140 4858 2351 4935 quam
2416 4835 2748 4913 vellemus
2768 4896 2787 4926 ,
2857 4836 3166 4935 parciora
3236 4862 3448 4939 quam
3529 4846 3606 4911 ut

3079 4958 3228 5031 16*
