<?xml version="1.0" encoding="UTF-8"?>
<!DOCTYPE html PUBLIC "-//W3C//DTD XHTML 1.0 Transitional//EN"
    "http://www.w3.org/TR/xhtml1/DTD/xhtml1-transitional.dtd">
<html xmlns="http://www.w3.org/1999/xhtml" xml:lang="en" lang="en">
 <head>
  <title>
</title>
<meta http-equiv="Content-Type" content="text/html;charset=utf-8" />
  <meta name='ocr-system' content='tesseract 3.04.00' />
  <meta name='ocr-capabilities' content='ocr_page ocr_carea ocr_par ocr_line ocrx_word'/>
</head>
<body>
  <div class='ocr_page' id='page_1' title='image "annalesacademic24unkngoog_0136.png"; bbox 0 0 4967 6217; ppageno 0'>
   <div class='ocr_carea' id='block_1_1' title="bbox 1326 644 3463 762">
    <p class='ocr_par' dir='ltr' id='par_1_1' title="bbox 1326 644 3463 762">
     <span class='ocr_line' id='line_1_1' title="bbox 1326 644 3463 762; baseline -0.001 -4"><span class='ocrx_word' id='word_1_1' title='bbox 1326 692 1451 759; x_wconf 82' lang='lat'><strong>126</strong></span> <span class='ocrx_word' id='word_1_2' title='bbox 2192 695 2270 761; x_wconf 83' lang='lat' dir='ltr'><strong>c.</strong></span> <span class='ocrx_word' id='word_1_3' title='bbox 2340 693 2417 762; x_wconf 80' lang='lat' dir='ltr'><strong>A.</strong></span> <span class='ocrx_word' id='word_1_4' title='bbox 2484 670 2996 761; x_wconf 67' lang='lat' dir='ltr'><strong>ansermi:</strong></span> <span class='ocrx_word' id='word_1_5' title='bbox 3061 644 3463 757; x_wconf 66' lang='lat' dir='ltr'><strong>onarlo.</strong></span> 
     </span>
    </p>
   </div>
   <div class='ocr_carea' id='block_1_2' title="bbox 1288 892 4353 1597">
    <p class='ocr_par' dir='ltr' id='par_1_2' title="bbox 1320 892 4344 1235">
     <span class='ocr_line' id='line_1_2' title="bbox 1418 892 4342 997; baseline -0.001 -24"><span class='ocrx_word' id='word_1_6' title='bbox 1418 898 1615 973; x_wconf 88' lang='lat' dir='ltr'><strong>Nihil</strong></span> <span class='ocrx_word' id='word_1_7' title='bbox 1680 905 1785 973; x_wconf 88' lang='lat' dir='ltr'><strong>est</strong></span> <span class='ocrx_word' id='word_1_8' title='bbox 1852 920 1992 995; x_wconf 92' lang='lat' dir='ltr'><strong>quo</strong></span> <span class='ocrx_word' id='word_1_9' title='bbox 2056 896 2333 996; x_wconf 83' lang='lat' dir='ltr'><strong>gloriari</strong></span> <span class='ocrx_word' id='word_1_10' title='bbox 2394 897 2722 973; x_wconf 84' lang='lat' dir='ltr'><strong>malimus</strong></span> <span class='ocrx_word' id='word_1_11' title='bbox 2778 920 2992 997; x_wconf 86' lang='lat' dir='ltr'><strong>quam</strong></span> <span class='ocrx_word' id='word_1_12' title='bbox 3040 898 3160 973; x_wconf 84' lang='lat' dir='ltr'><strong>illa</strong></span> <span class='ocrx_word' id='word_1_13' title='bbox 3223 895 3590 971; x_wconf 81' lang='lat' dir='ltr'><strong>sedulitate</strong></span> <span class='ocrx_word' id='word_1_14' title='bbox 3645 892 3900 969; x_wconf 86' lang='lat' dir='ltr'><strong>civium</strong></span> <span class='ocrx_word' id='word_1_15' title='bbox 3953 900 4342 970; x_wconf 87' lang='lat' dir='ltr'><strong>nostrorum</strong></span> 
     </span>
     <span class='ocr_line' id='line_1_3' title="bbox 1320 1014 4344 1117; baseline -0.002 -23"><span class='ocrx_word' id='word_1_16' title='bbox 1320 1018 1863 1095; x_wconf 79' lang='lat' dir='ltr'><strong>academicorum</strong></span> <span class='ocrx_word' id='word_1_17' title='bbox 1878 1074 1899 1106; x_wconf 89' lang='lat'>,</span> <span class='ocrx_word' id='word_1_18' title='bbox 1962 1040 2123 1091; x_wconf 84' lang='lat' dir='ltr'><strong>vero</strong></span> <span class='ocrx_word' id='word_1_19' title='bbox 2178 1016 2298 1092; x_wconf 88' lang='lat' dir='ltr'><strong>illo</strong></span> <span class='ocrx_word' id='word_1_20' title='bbox 2362 1017 2832 1095; x_wconf 77' lang='lat' dir='ltr'><strong>doctrinarum</strong></span> <span class='ocrx_word' id='word_1_21' title='bbox 2884 1042 3116 1095; x_wconf 90' lang='lat' dir='ltr'><strong>amore</strong></span> <span class='ocrx_word' id='word_1_22' title='bbox 3129 1076 3149 1106; x_wconf 92' lang='lat'>,</span> <span class='ocrx_word' id='word_1_23' title='bbox 3213 1040 3424 1116; x_wconf 88' lang='lat' dir='ltr'><strong>quem</strong></span> <span class='ocrx_word' id='word_1_24' title='bbox 3471 1014 4042 1117; x_wconf 79' lang='lat' dir='ltr'><strong>praestantissimi</strong></span> <span class='ocrx_word' id='word_1_25' title='bbox 4085 1015 4344 1115; x_wconf 86' lang='lat' dir='ltr'><strong>quique</strong></span> 
     </span>
     <span class='ocr_line' id='line_1_4' title="bbox 1322 1125 3002 1235; baseline 0.001 -24"><span class='ocrx_word' id='word_1_26' title='bbox 1322 1136 1551 1213; x_wconf 86' lang='lat' dir='ltr'><strong>labore</strong></span> <span class='ocrx_word' id='word_1_27' title='bbox 1600 1150 1726 1211; x_wconf 79' lang='lat' dir='ltr'><strong>suo</strong></span> <span class='ocrx_word' id='word_1_28' title='bbox 1772 1134 2035 1235; x_wconf 88' lang='lat' dir='ltr'><strong>optime</strong></span> <span class='ocrx_word' id='word_1_29' title='bbox 2084 1142 2451 1213; x_wconf 81' lang='lat' dir='ltr'><strong>testantur.</strong></span> <span class='ocrx_word' id='word_1_30' title='bbox 2769 1125 2784 1131; x_wconf 63' lang='grc'><strong>’</strong></span> <span class='ocrx_word' id='word_1_31' title='bbox 2995 1230 3002 1233; x_wconf 30' lang='grc'><strong>,</strong></span> 
     </span>
    </p>

    <p class='ocr_par' dir='ltr' id='par_1_3' title="bbox 1288 1242 4353 1597">
     <span class='ocr_line' id='line_1_5' title="bbox 1288 1242 4348 1359; baseline 0 -29"><span class='ocrx_word' id='word_1_32' title='bbox 1288 1310 1291 1312; x_wconf 11' lang='grc' dir='ltr'><strong>Α</strong></span> <span class='ocrx_word' id='word_1_33' title='bbox 1414 1256 1505 1328; x_wconf 89' lang='lat' dir='ltr'><strong>In</strong></span> <span class='ocrx_word' id='word_1_34' title='bbox 1572 1255 1941 1331; x_wconf 74' lang='lat' dir='ltr'><strong>academiis</strong></span> <span class='ocrx_word' id='word_1_35' title='bbox 2004 1256 2257 1331; x_wconf 86' lang='lat' dir='ltr'><strong>nostris</strong></span> <span class='ocrx_word' id='word_1_36' title='bbox 2276 1314 2297 1346; x_wconf 91' lang='lat'><em>,</em></span> <span class='ocrx_word' id='word_1_37' title='bbox 2372 1255 2516 1331; x_wconf 89' lang='lat' dir='ltr'><strong>iam</strong></span> <span class='ocrx_word' id='word_1_38' title='bbox 2581 1256 2956 1356; x_wconf 87' lang='lat' dir='ltr'><strong>unicuique</strong></span> <span class='ocrx_word' id='word_1_39' title='bbox 3007 1254 3406 1359; x_wconf 89' lang='lat' dir='ltr'><strong>patentibus</strong></span> <span class='ocrx_word' id='word_1_40' title='bbox 3421 1312 3442 1343; x_wconf 92' lang='lat'>,</span> <span class='ocrx_word' id='word_1_41' title='bbox 3509 1254 3689 1329; x_wconf 83' lang='lat' dir='ltr'><strong>valet</strong></span> <span class='ocrx_word' id='word_1_42' title='bbox 3753 1242 3960 1329; x_wconf 82' lang='lat' dir='ltr'><strong>illud&#39;</strong></span> <span class='ocrx_word' id='word_1_43' title='bbox 3999 1284 4036 1323; x_wconf 84' lang='lat' dir='ltr'><em>n</em></span> <span class='ocrx_word' id='word_1_44' title='bbox 4057 1253 4348 1352; x_wconf 72' lang='lat' dir='ltr'><strong>Respice</strong></span> 
     </span>
     <span class='ocr_line' id='line_1_6' title="bbox 1298 1373 4353 1475; baseline 0 -27"><span class='ocrx_word' id='word_1_45' title='bbox 1298 1375 1587 1471; x_wconf 76' lang='lat' dir='ltr'><strong>finem.”</strong></span> <span class='ocrx_word' id='word_1_46' title='bbox 1682 1374 1903 1449; x_wconf 90' lang='lat' dir='ltr'><strong>Multi</strong></span> <span class='ocrx_word' id='word_1_47' title='bbox 1944 1382 2181 1453; x_wconf 88' lang='lat' dir='ltr'><strong>autem</strong></span> <span class='ocrx_word' id='word_1_48' title='bbox 2228 1401 2303 1451; x_wconf 88' lang='lat' dir='ltr'><strong>re</strong></span> <span class='ocrx_word' id='word_1_49' title='bbox 2346 1374 2500 1475; x_wconf 86' lang='lat' dir='ltr'><strong>ipsa</strong></span> <span class='ocrx_word' id='word_1_50' title='bbox 2539 1374 2933 1475; x_wconf 85' lang='lat' dir='ltr'><strong>respiciunt.</strong></span> <span class='ocrx_word' id='word_1_51' title='bbox 2991 1402 2996 1408; x_wconf 82' lang='grc'>’</span> <span class='ocrx_word' id='word_1_52' title='bbox 3035 1376 3324 1451; x_wconf 87' lang='lat' dir='ltr'><strong>Utinam</strong></span> <span class='ocrx_word' id='word_1_53' title='bbox 3371 1398 3612 1450; x_wconf 89' lang='lat' dir='ltr'><strong>omnes</strong></span> <span class='ocrx_word' id='word_1_54' title='bbox 3664 1373 3954 1462; x_wconf 86' lang='lat' dir='ltr'><strong>faciant,</strong></span> <span class='ocrx_word' id='word_1_55' title='bbox 4013 1397 4146 1449; x_wconf 88' lang='lat' dir='ltr'><strong>nec</strong></span> <span class='ocrx_word' id='word_1_56' title='bbox 4195 1399 4353 1474; x_wconf 86' lang='lat' dir='ltr'><strong>spes</strong></span> 
     </span>
     <span class='ocr_line' id='line_1_7' title="bbox 1322 1492 2755 1597; baseline 0.005 -32"><span class='ocrx_word' id='word_1_57' title='bbox 1322 1492 1514 1569; x_wconf 89' lang='lat' dir='ltr'><strong>fallet</strong></span> <span class='ocrx_word' id='word_1_58' title='bbox 1558 1494 1855 1592; x_wconf 87' lang='lat' dir='ltr'><strong>patriam</strong></span> <span class='ocrx_word' id='word_1_59' title='bbox 1902 1502 2209 1573; x_wconf 90' lang='lat' dir='ltr'><strong>nostram</strong></span> <span class='ocrx_word' id='word_1_60' title='bbox 2254 1497 2329 1572; x_wconf 93' lang='lat' dir='ltr'><strong>in</strong></span> <span class='ocrx_word' id='word_1_61' title='bbox 2377 1504 2755 1597; x_wconf 90' lang='lat' dir='ltr'><strong>posterum.</strong></span> 
     </span>
    </p>
   </div>
   <div class='ocr_carea' id='block_1_3' title="bbox 1321 1733 4358 2910">
    <p class='ocr_par' dir='ltr' id='par_1_4' title="bbox 1321 1733 4356 2196">
     <span class='ocr_line' id='line_1_8' title="bbox 1414 1733 4345 1834; baseline 0.001 -27"><span class='ocrx_word' id='word_1_62' title='bbox 1414 1733 1817 1832; x_wconf 90' lang='lat' dir='ltr'><strong>Antequam</strong></span> <span class='ocrx_word' id='word_1_63' title='bbox 1884 1760 1973 1809; x_wconf 84' lang='lat' dir='ltr'><strong>ex</strong></span> <span class='ocrx_word' id='word_1_64' title='bbox 2041 1736 2171 1811; x_wconf 89' lang='lat' dir='ltr'><strong>hoc</strong></span> <span class='ocrx_word' id='word_1_65' title='bbox 2229 1738 2376 1813; x_wconf 88' lang='lat' dir='ltr'><strong>loco</strong></span> <span class='ocrx_word' id='word_1_66' title='bbox 2435 1737 2786 1815; x_wconf 79' lang='lat' dir='ltr'><strong>discedam</strong></span> <span class='ocrx_word' id='word_1_67' title='bbox 2845 1738 2922 1811; x_wconf 90' lang='lat' dir='ltr'><strong>id</strong></span> <span class='ocrx_word' id='word_1_68' title='bbox 2947 1780 2960 1787; x_wconf 92' lang='lat'>-</span> <span class='ocrx_word' id='word_1_69' title='bbox 2988 1759 3210 1811; x_wconf 91' lang='lat' dir='ltr'><strong>unum</strong></span> <span class='ocrx_word' id='word_1_70' title='bbox 3269 1741 3516 1824; x_wconf 88' lang='lat' dir='ltr'><strong>restat,</strong></span> <span class='ocrx_word' id='word_1_71' title='bbox 3587 1742 3668 1809; x_wconf 93' lang='lat' dir='ltr'><strong>ut</strong></span> <span class='ocrx_word' id='word_1_72' title='bbox 3731 1733 4009 1834; x_wconf 87' lang='lat' dir='ltr'><strong>publice</strong></span> <span class='ocrx_word' id='word_1_73' title='bbox 4081 1734 4308 1811; x_wconf 89' lang='lat' dir='ltr'><strong>dicam</strong></span> <span class='ocrx_word' id='word_1_74' title='bbox 4325 1796 4345 1826; x_wconf 92' lang='lat'>,</span> 
     </span>
     <span class='ocr_line' id='line_1_9' title="bbox 1321 1850 4356 1969; baseline 0.001 -43"><span class='ocrx_word' id='word_1_75' title='bbox 1321 1850 1591 1951; x_wconf 73' lang='lat' dir='ltr'><strong>Regem</strong></span> <span class='ocrx_word' id='word_1_76' title='bbox 1647 1854 2220 1955; x_wconf 83' lang='lat' dir='ltr'><strong>augustissimum</strong></span> <span class='ocrx_word' id='word_1_77' title='bbox 2278 1856 2507 1933; x_wconf 88' lang='lat' dir='ltr'><strong>virum</strong></span> <span class='ocrx_word' id='word_1_78' title='bbox 2565 1856 3021 1934; x_wconf 81' lang='lat' dir='ltr'><strong>clarissimum</strong></span> <span class='ocrx_word' id='word_1_79' title='bbox 3075 1856 3387 1931; x_wconf 72' lang='lat' dir='ltr'><strong>Pnrnun</strong></span> <span class='ocrx_word' id='word_1_80' title='bbox 3437 1854 3836 1930; x_wconf 79' lang='lat' dir='ltr'><strong>Horsrnnr.</strong></span> <span class='ocrx_word' id='word_1_81' title='bbox 3894 1876 3992 1929; x_wconf 73' lang='lat' dir='ltr'><strong>nn</strong></span> <span class='ocrx_word' id='word_1_82' title='bbox 4061 1855 4317 1930; x_wconf 71' lang='lat' dir='ltr'><strong>Gaoor</strong></span> <span class='ocrx_word' id='word_1_83' title='bbox 4335 1939 4356 1969; x_wconf 45' lang='lat'><strong><em>³</em></strong></span> 
     </span>
     <span class='ocr_line' id='line_1_10' title="bbox 1326 1970 4345 2075; baseline 0.001 -31"><span class='ocrx_word' id='word_1_84' title='bbox 1326 1970 1740 2073; x_wconf 82' lang='lat' dir='ltr'><strong>Theologiae</strong></span> <span class='ocrx_word' id='word_1_85' title='bbox 1794 1975 2163 2051; x_wconf 90' lang='lat' dir='ltr'><strong>Doctorem</strong></span> <span class='ocrx_word' id='word_1_86' title='bbox 2184 2034 2205 2065; x_wconf 92' lang='lat'>,</span> <span class='ocrx_word' id='word_1_87' title='bbox 2282 1977 2357 2051; x_wconf 88' lang='lat' dir='ltr'><strong>in</strong></span> <span class='ocrx_word' id='word_1_88' title='bbox 2432 1978 2790 2053; x_wconf 82' lang='lat' dir='ltr'><strong>Facultate</strong></span> <span class='ocrx_word' id='word_1_89' title='bbox 2871 1974 3284 2075; x_wconf 85' lang='lat' dir='ltr'><strong>Theologiae</strong></span> <span class='ocrx_word' id='word_1_90' title='bbox 3354 1974 3819 2050; x_wconf 85' lang='lat' dir='ltr'><strong>Professorem</strong></span> <span class='ocrx_word' id='word_1_91' title='bbox 3887 1972 4302 2049; x_wconf 86' lang='lat' dir='ltr'><strong>ordinarium</strong></span> <span class='ocrx_word' id='word_1_92' title='bbox 4324 2034 4345 2066; x_wconf 87' lang='lat'>,</span> 
     </span>
     <span class='ocr_line' id='line_1_11' title="bbox 1333 2089 3982 2196; baseline 0.001 -31"><span class='ocrx_word' id='word_1_93' title='bbox 1333 2089 1697 2167; x_wconf 55' lang='lat' dir='ltr'><strong>&amp;ctorem</strong></span> <span class='ocrx_word' id='word_1_94' title='bbox 1741 2095 2199 2195; x_wconf 86' lang='lat' dir='ltr'><strong>Magnificum</strong></span> <span class='ocrx_word' id='word_1_95' title='bbox 2244 2096 2576 2172; x_wconf 82' lang='lat' dir='ltr'><strong>creavisse</strong></span> <span class='ocrx_word' id='word_1_96' title='bbox 2620 2095 2694 2171; x_wconf 89' lang='lat' dir='ltr'><strong>in</strong></span> <span class='ocrx_word' id='word_1_97' title='bbox 2735 2096 3131 2196; x_wconf 86' lang='lat' dir='ltr'><strong>proximum</strong></span> <span class='ocrx_word' id='word_1_98' title='bbox 3179 2118 3444 2170; x_wconf 88' lang='lat' dir='ltr'><strong>annum</strong></span> <span class='ocrx_word' id='word_1_99' title='bbox 3487 2093 3982 2170; x_wconf 88' lang='lat' dir='ltr'><strong>academicum.</strong></span> 
     </span>
    </p>

    <p class='ocr_par' dir='ltr' id='par_1_5' title="bbox 1330 2210 4358 2431">
     <span class='ocr_line' id='line_1_12' title="bbox 1426 2210 4358 2323; baseline 0.001 -39"><span class='ocrx_word' id='word_1_100' title='bbox 1426 2210 1714 2287; x_wconf 88' lang='lat' dir='ltr'><strong>Lubens</strong></span> <span class='ocrx_word' id='word_1_101' title='bbox 1782 2214 1945 2288; x_wconf 84' lang='lat' dir='ltr'><strong>Tibi</strong></span> <span class='ocrx_word' id='word_1_102' title='bbox 2020 2215 2188 2299; x_wconf 88' lang='lat' dir='ltr'><strong>cedo</strong></span> <span class='ocrx_word' id='word_1_103' title='bbox 2258 2215 2741 2323; x_wconf 84' lang='lat' dir='ltr'><strong>magistratum</strong></span> <span class='ocrx_word' id='word_1_104' title='bbox 2767 2273 2788 2304; x_wconf 92' lang='lat'>,</span> <span class='ocrx_word' id='word_1_105' title='bbox 2859 2215 3120 2315; x_wconf 85' lang='lat' dir='ltr'><strong>collega</strong></span> <span class='ocrx_word' id='word_1_106' title='bbox 3179 2212 3738 2290; x_wconf 81' lang='lat' dir='ltr'><strong>honoratissime!</strong></span> <span class='ocrx_word' id='word_1_107' title='bbox 3826 2237 4128 2312; x_wconf 91' lang='lat' dir='ltr'><strong>eumque</strong></span> <span class='ocrx_word' id='word_1_108' title='bbox 4200 2213 4358 2289; x_wconf 85' lang='lat' dir='ltr'><strong>Tibi</strong></span> 
     </span>
     <span class='ocr_line' id='line_1_13' title="bbox 1330 2328 2267 2431; baseline 0.007 -30"><span class='ocrx_word' id='word_1_109' title='bbox 1330 2328 1637 2431; x_wconf 77' lang='lat' dir='ltr'><strong>gratulor</strong></span> <span class='ocrx_word' id='word_1_110' title='bbox 1684 2354 1899 2428; x_wconf 90' lang='lat' dir='ltr'><strong>quam</strong></span> <span class='ocrx_word' id='word_1_111' title='bbox 1945 2333 2267 2409; x_wconf 83' lang='lat' dir='ltr'><strong>maxime.</strong></span> 
     </span>
    </p>

    <p class='ocr_par' dir='ltr' id='par_1_6' title="bbox 1326 2446 4358 2764">
     <span class='ocr_line' id='line_1_14' title="bbox 1430 2446 4358 2553; baseline 0.002 -32"><span class='ocrx_word' id='word_1_112' title='bbox 1430 2446 1539 2521; x_wconf 89' lang='lat' dir='ltr'><strong>Sit</strong></span> <span class='ocrx_word' id='word_1_113' title='bbox 1580 2472 1805 2525; x_wconf 89' lang='lat' dir='ltr'><strong>annus</strong></span> <span class='ocrx_word' id='word_1_114' title='bbox 1838 2456 2005 2525; x_wconf 89' lang='lat' dir='ltr'><strong>tuus</strong></span> <span class='ocrx_word' id='word_1_115' title='bbox 2039 2476 2181 2528; x_wconf 90' lang='lat' dir='ltr'><strong>non</strong></span> <span class='ocrx_word' id='word_1_116' title='bbox 2219 2451 2455 2527; x_wconf 86' lang='lat' dir='ltr'><strong>minus</strong></span> <span class='ocrx_word' id='word_1_117' title='bbox 2488 2450 2882 2528; x_wconf 86' lang='lat' dir='ltr'><strong>fortunatus</strong></span> <span class='ocrx_word' id='word_1_118' title='bbox 2909 2478 3121 2553; x_wconf 88' lang='lat' dir='ltr'><strong>quam</strong></span> <span class='ocrx_word' id='word_1_119' title='bbox 3154 2477 3356 2529; x_wconf 88' lang='lat' dir='ltr'><strong>meus</strong></span> <span class='ocrx_word' id='word_1_120' title='bbox 3394 2451 3564 2541; x_wconf 84' lang='lat' dir='ltr'><strong>fuit3</strong></span> <span class='ocrx_word' id='word_1_121' title='bbox 3613 2476 4074 2553; x_wconf 85' lang='lat' dir='ltr'><strong>prospereque</strong></span> <span class='ocrx_word' id='word_1_122' title='bbox 4111 2452 4358 2527; x_wconf 87' lang='lat' dir='ltr'><strong>cedant</strong></span> 
     </span>
     <span class='ocr_line' id='line_1_15' title="bbox 1330 2567 4356 2667; baseline 0.002 -26"><span class='ocrx_word' id='word_1_123' title='bbox 1330 2567 1559 2642; x_wconf 90' lang='lat' dir='ltr'><strong>omnia</strong></span> <span class='ocrx_word' id='word_1_124' title='bbox 1581 2627 1601 2657; x_wconf 88' lang='lat'>,</span> <span class='ocrx_word' id='word_1_125' title='bbox 1689 2594 1868 2667; x_wconf 87' lang='lat' dir='ltr'><strong>quae</strong></span> <span class='ocrx_word' id='word_1_126' title='bbox 1952 2571 2159 2647; x_wconf 87' lang='lat' dir='ltr'><strong>facies</strong></span> <span class='ocrx_word' id='word_1_127' title='bbox 2238 2572 2313 2648; x_wconf 90' lang='lat' dir='ltr'><strong>in</strong></span> <span class='ocrx_word' id='word_1_128' title='bbox 2392 2572 2688 2649; x_wconf 86' lang='lat' dir='ltr'><strong>salutem</strong></span> <span class='ocrx_word' id='word_1_129' title='bbox 2761 2574 3148 2649; x_wconf 85' lang='lat' dir='ltr'><strong>academiae</strong></span> <span class='ocrx_word' id='word_1_130' title='bbox 3239 2581 3310 2647; x_wconf 91' lang='lat' dir='ltr'><strong>et</strong></span> <span class='ocrx_word' id='word_1_131' title='bbox 3385 2570 3545 2647; x_wconf 84' lang='lat' dir='ltr'><strong>Tibi</strong></span> <span class='ocrx_word' id='word_1_132' title='bbox 3615 2579 3687 2647; x_wconf 90' lang='lat' dir='ltr'><strong>et</strong></span> <span class='ocrx_word' id='word_1_133' title='bbox 3749 2571 3954 2647; x_wconf 90' lang='lat' dir='ltr'><strong>nobis</strong></span> <span class='ocrx_word' id='word_1_134' title='bbox 3997 2571 4356 2647; x_wconf 80' lang='lat' dir='ltr'><strong>&#39;omnibus</strong></span> 
     </span>
     <span class='ocr_line' id='line_1_16' title="bbox 1326 2687 3056 2764; baseline 0.003 -2"><span class='ocrx_word' id='word_1_135' title='bbox 1326 2687 1736 2764; x_wconf 85' lang='lat' dir='ltr'><strong>carissimae.</strong></span> <span class='ocrx_word' id='word_1_136' title='bbox 3053 2720 3056 2723; x_wconf 69' lang='grc'>’</span> 
     </span>
    </p>

    <p class='ocr_par' dir='ltr' id='par_1_7' title="bbox 1434 2806 3094 2910">
     <span class='ocr_line' id='line_1_17' title="bbox 1434 2806 3094 2910; baseline 0.002 -29"><span class='ocrx_word' id='word_1_137' title='bbox 1434 2806 1813 2883; x_wconf 89' lang='lat' dir='ltr'><strong>Academia</strong></span> <span class='ocrx_word' id='word_1_138' title='bbox 1860 2814 1931 2882; x_wconf 87' lang='lat' dir='ltr'><strong>et</strong></span> <span class='ocrx_word' id='word_1_139' title='bbox 1978 2814 2102 2884; x_wconf 88' lang='lat' dir='ltr'><strong>tuo</strong></span> <span class='ocrx_word' id='word_1_140' title='bbox 2148 2834 2331 2886; x_wconf 91' lang='lat' dir='ltr'><strong>anno</strong></span> <span class='ocrx_word' id='word_1_141' title='bbox 2378 2818 2450 2887; x_wconf 89' lang='lat' dir='ltr'><strong>et</strong></span> <span class='ocrx_word' id='word_1_142' title='bbox 2499 2834 2772 2910; x_wconf 88' lang='lat' dir='ltr'><strong>semper</strong></span> <span class='ocrx_word' id='word_1_143' title='bbox 2814 2812 3094 2887; x_wconf 86' lang='lat' dir='ltr'><strong>floreat!</strong></span> 
     </span>
    </p>
   </div>
   <div class='ocr_carea' id='block_1_4' title="bbox 2723 3588 2978 3649">
    <p class='ocr_par' dir='ltr' id='par_1_8' title="bbox 2723 3588 2978 3649">
     <span class='ocr_line' id='line_1_18' title="bbox 2723 3588 2978 3649; baseline 0 0"><span class='ocrx_word' id='word_1_144' title='bbox 2723 3588 2978 3649; x_wconf 86' lang='lat' dir='ltr'><strong>DIXI.</strong></span> 
     </span>
    </p>
   </div>
   <div class='ocr_carea' id='block_1_5' title="bbox 4956 822 4958 1867">
    <p class='ocr_par' dir='ltr' id='par_1_9' title="bbox 4956 822 4958 1867">
     <span class='ocr_line' id='line_1_19' title="bbox 4956 822 4958 1867; baseline 0 0"><span class='ocrx_word' id='word_1_145' title='bbox 4956 822 4958 1867; x_wconf 95' lang='lat' dir='ltr'><strong> </strong></span> 
     </span>
    </p>
   </div>
   <div class='ocr_carea' id='block_1_6' title="bbox 4956 2710 4958 3673">
    <p class='ocr_par' dir='ltr' id='par_1_10' title="bbox 4956 2710 4958 3673">
     <span class='ocr_line' id='line_1_20' title="bbox 4956 2710 4958 3673; baseline 0 0"><span class='ocrx_word' id='word_1_146' title='bbox 4956 2710 4958 3673; x_wconf 95' lang='lat' dir='ltr'><strong> </strong></span> 
     </span>
    </p>
   </div>
   <div class='ocr_carea' id='block_1_7' title="bbox 4956 2710 4958 3865">
    <p class='ocr_par' dir='ltr' id='par_1_11' title="bbox 4956 2710 4958 3865">
     <span class='ocr_line' id='line_1_21' title="bbox 4956 2710 4958 3865; baseline 0 0"><span class='ocrx_word' id='word_1_147' title='bbox 4956 2710 4958 3865; x_wconf 95' lang='lat' dir='ltr'><strong> </strong></span> 
     </span>
    </p>
   </div>
   <div class='ocr_carea' id='block_1_8' title="bbox 4956 4640 4958 5739">
    <p class='ocr_par' dir='ltr' id='par_1_12' title="bbox 4956 4640 4958 5739">
     <span class='ocr_line' id='line_1_22' title="bbox 4956 4640 4958 5739; baseline 0 0"><span class='ocrx_word' id='word_1_148' title='bbox 4956 4640 4958 5739; x_wconf 95' lang='lat' dir='ltr'><strong> </strong></span> 
     </span>
    </p>
   </div>
  </div>
 </body>
</html>
