<?xml version="1.0" encoding="UTF-8"?>
<!DOCTYPE html PUBLIC "-//W3C//DTD XHTML 1.0 Transitional//EN"
    "http://www.w3.org/TR/xhtml1/DTD/xhtml1-transitional.dtd">
<html xmlns="http://www.w3.org/1999/xhtml" xml:lang="en" lang="en">
 <head>
  <title>
</title>
<meta http-equiv="Content-Type" content="text/html;charset=utf-8" />
  <meta name='ocr-system' content='tesseract 3.04.00' />
  <meta name='ocr-capabilities' content='ocr_page ocr_carea ocr_par ocr_line ocrx_word'/>
</head>
<body>
  <div class='ocr_page' id='page_1' title='image "annalesacademic24unkngoog_0020.png"; bbox 0 0 4967 6217; ppageno 0'>
   <div class='ocr_carea' id='block_1_1' title="bbox 1308 682 3369 756">
    <p class='ocr_par' dir='ltr' id='par_1_1' title="bbox 1308 682 3369 756">
     <span class='ocr_line' id='line_1_1' title="bbox 1308 682 3369 756; baseline -0.002 -3"><span class='ocrx_word' id='word_1_1' title='bbox 1308 690 1393 756; x_wconf 86' lang='lat'><strong>10</strong></span> <span class='ocrx_word' id='word_1_2' title='bbox 2284 684 2625 754; x_wconf 84' lang='lat' dir='ltr'><strong>NICOLAI</strong></span> <span class='ocrx_word' id='word_1_3' title='bbox 2670 682 3135 752; x_wconf 81' lang='lat' dir='ltr'>CHRISTIANI</span> <span class='ocrx_word' id='word_1_4' title='bbox 3178 686 3369 751; x_wconf 90' lang='lat' dir='ltr'>KIST</span> 
     </span>
    </p>
   </div>
   <div class='ocr_carea' id='block_1_2' title="bbox 1303 890 4333 1111">
    <p class='ocr_par' dir='ltr' id='par_1_2' title="bbox 1303 890 4333 1111">
     <span class='ocr_line' id='line_1_2' title="bbox 1303 890 4333 993; baseline 0 -25"><span class='ocrx_word' id='word_1_5' title='bbox 1303 894 1601 993; x_wconf 85' lang='lat' dir='ltr'><strong>practica</strong></span> <span class='ocrx_word' id='word_1_6' title='bbox 1643 901 1714 967; x_wconf 88' lang='lat' dir='ltr'><strong>et</strong></span> <span class='ocrx_word' id='word_1_7' title='bbox 1747 891 2029 967; x_wconf 88' lang='lat' dir='ltr'><strong>moralia</strong></span> <span class='ocrx_word' id='word_1_8' title='bbox 2063 891 2379 969; x_wconf 77' lang='lat' dir='ltr'><strong>dicimus,</strong></span> <span class='ocrx_word' id='word_1_9' title='bbox 2482 892 2697 971; x_wconf 87' lang='lat' dir='ltr'><strong>Quod</strong></span> <span class='ocrx_word' id='word_1_10' title='bbox 2738 916 2949 989; x_wconf 92' lang='lat' dir='ltr'><strong>quam</strong></span> <span class='ocrx_word' id='word_1_11' title='bbox 2983 914 3223 965; x_wconf 89' lang='lat' dir='ltr'><strong>verum</strong></span> <span class='ocrx_word' id='word_1_12' title='bbox 3263 890 3392 979; x_wconf 91' lang='lat' dir='ltr'><strong>sit,</strong></span> <span class='ocrx_word' id='word_1_13' title='bbox 3440 891 3583 965; x_wconf 89' lang='lat' dir='ltr'><strong>imo</strong></span> <span class='ocrx_word' id='word_1_14' title='bbox 3626 891 4059 969; x_wconf 87' lang='lat' dir='ltr'><strong>verissimum</strong></span> <span class='ocrx_word' id='word_1_15' title='bbox 4076 915 4115 982; x_wconf 84' lang='lat'><strong>,·</strong></span> <span class='ocrx_word' id='word_1_16' title='bbox 4148 914 4333 969; x_wconf 89' lang='lat' dir='ltr'><strong>nunc</strong></span> 
     </span>
     <span class='ocr_line' id='line_1_3' title="bbox 1307 995 2739 1111; baseline -0.001 -23"><span class='ocrx_word' id='word_1_17' title='bbox 1307 1015 1547 1111; x_wconf 84' lang='lat' dir='ltr'>paucis</span> <span class='ocrx_word' id='word_1_18' title='bbox 1595 1013 1786 1087; x_wconf 89' lang='lat' dir='ltr'><strong>iuvat</strong></span> <span class='ocrx_word' id='word_1_19' title='bbox 1833 1012 1908 1086; x_wconf 90' lang='lat' dir='ltr'><strong>in</strong></span> <span class='ocrx_word' id='word_1_20' title='bbox 1955 1011 2356 1102; x_wconf 78' lang='lat' dir='ltr'><strong>memoriam</strong></span> <span class='ocrx_word' id='word_1_21' title='bbox 2404 995 2739 1087; x_wconf 79' lang='lat' dir='ltr'><strong>revocare.</strong></span> 
     </span>
    </p>
   </div>
   <div class='ocr_carea' id='block_1_3' title="bbox 2561 1224 3091 1239">
    <p class='ocr_par' dir='ltr' id='par_1_3' title="bbox 2561 1224 3091 1239">
     <span class='ocr_line' id='line_1_4' title="bbox 2561 1224 3091 1239; baseline 0 4978"><span class='ocrx_word' id='word_1_22' title='bbox 2561 1224 3091 1239; x_wconf 95' lang='lat' dir='ltr'><strong> </strong></span> 
     </span>
    </p>
   </div>
   <div class='ocr_carea' id='block_1_4' title="bbox 1307 1365 4387 3126">
    <p class='ocr_par' dir='ltr' id='par_1_4' title="bbox 1307 1365 4387 3126">
     <span class='ocr_line' id='line_1_5' title="bbox 1404 1365 4337 1468; baseline 0.002 -30"><span class='ocrx_word' id='word_1_23' title='bbox 1404 1368 1497 1439; x_wconf 91' lang='lat' dir='ltr'><strong>Et</strong></span> <span class='ocrx_word' id='word_1_24' title='bbox 1541 1367 1778 1442; x_wconf 88' lang='lat' dir='ltr'><strong>statim</strong></span> <span class='ocrx_word' id='word_1_25' title='bbox 1830 1369 2115 1465; x_wconf 91' lang='lat' dir='ltr'><strong>quidem</strong></span> <span class='ocrx_word' id='word_1_26' title='bbox 2163 1369 2254 1445; x_wconf 92' lang='lat' dir='ltr'><strong>ad</strong></span> <span class='ocrx_word' id='word_1_27' title='bbox 2307 1368 2766 1468; x_wconf 79' lang='lat' dir='ltr'><strong>antiquiorem</strong></span> <span class='ocrx_word' id='word_1_28' title='bbox 2806 1367 2998 1441; x_wconf 90' lang='lat' dir='ltr'><strong>illam</strong></span> <span class='ocrx_word' id='word_1_29' title='bbox 3050 1365 3187 1440; x_wconf 89' lang='lat' dir='ltr'><strong>Dei</strong></span> <span class='ocrx_word' id='word_1_30' title='bbox 3236 1365 3763 1465; x_wconf 79' lang='lat' dir='ltr'><strong>patefactionem</strong></span> <span class='ocrx_word' id='word_1_31' title='bbox 3776 1424 3797 1456; x_wconf 92' lang='lat'><strong>,</strong></span> <span class='ocrx_word' id='word_1_32' title='bbox 3858 1368 4058 1443; x_wconf 91' lang='lat' dir='ltr'><strong>cuius</strong></span> <span class='ocrx_word' id='word_1_33' title='bbox 4112 1368 4199 1443; x_wconf 84' lang='lat' dir='ltr'><strong>V.</strong></span> <span class='ocrx_word' id='word_1_34' title='bbox 4258 1368 4337 1444; x_wconf 75' lang='lat' dir='ltr'><strong>T.</strong></span> 
     </span>
     <span class='ocr_line' id='line_1_6' title="bbox 1307 1472 4338 1587; baseline 0 -26"><span class='ocrx_word' id='word_1_35' title='bbox 1307 1486 1465 1561; x_wconf 89' lang='lat' dir='ltr'><strong>libri</strong></span> <span class='ocrx_word' id='word_1_36' title='bbox 1517 1488 1717 1561; x_wconf 90' lang='lat' dir='ltr'><strong>nobis</strong></span> <span class='ocrx_word' id='word_1_37' title='bbox 1761 1488 2118 1564; x_wconf 81' lang='lat' dir='ltr'><strong>historiam</strong></span> <span class='ocrx_word' id='word_1_38' title='bbox 2163 1497 2436 1563; x_wconf 88' lang='lat' dir='ltr'><strong>servant</strong></span> <span class='ocrx_word' id='word_1_39' title='bbox 2452 1548 2472 1577; x_wconf 92' lang='lat'><strong>,</strong></span> <span class='ocrx_word' id='word_1_40' title='bbox 2524 1512 2885 1587; x_wconf 89' lang='lat' dir='ltr'><strong>provocare</strong></span> <span class='ocrx_word' id='word_1_41' title='bbox 2934 1485 3188 1561; x_wconf 80' lang='lat' dir='ltr'><strong>licebit.</strong></span> <span class='ocrx_word' id='word_1_42' title='bbox 3284 1472 3527 1559; x_wconf 87' lang='lat' dir='ltr'><strong>Huius</strong></span> <span class='ocrx_word' id='word_1_43' title='bbox 3578 1486 3765 1561; x_wconf 90' lang='lat' dir='ltr'><strong>enim</strong></span> <span class='ocrx_word' id='word_1_44' title='bbox 3808 1494 4301 1585; x_wconf 82' lang='lat' dir='ltr'><strong>argumentum</strong></span> <span class='ocrx_word' id='word_1_45' title='bbox 4317 1546 4338 1577; x_wconf 93' lang='lat'><strong>,</strong></span> 
     </span>
     <span class='ocr_line' id='line_1_7' title="bbox 1307 1603 4341 1707; baseline 0 -28"><span class='ocrx_word' id='word_1_46' title='bbox 1307 1607 1673 1681; x_wconf 89' lang='lat' dir='ltr'><strong>consilium</strong></span> <span class='ocrx_word' id='word_1_47' title='bbox 1691 1666 1710 1695; x_wconf 91' lang='lat'><strong>,</strong></span> <span class='ocrx_word' id='word_1_48' title='bbox 1759 1609 1934 1682; x_wconf 89' lang='lat' dir='ltr'><strong>ratio</strong></span> <span class='ocrx_word' id='word_1_49' title='bbox 1987 1609 2212 1683; x_wconf 90' lang='lat' dir='ltr'><strong>omnis</strong></span> <span class='ocrx_word' id='word_1_50' title='bbox 2230 1668 2250 1697; x_wconf 91' lang='lat'><strong>,</strong></span> <span class='ocrx_word' id='word_1_51' title='bbox 2303 1608 2472 1707; x_wconf 90' lang='lat' dir='ltr'><strong>quin</strong></span> <span class='ocrx_word' id='word_1_52' title='bbox 2520 1633 2645 1681; x_wconf 90' lang='lat' dir='ltr'><strong>sua</strong></span> <span class='ocrx_word' id='word_1_53' title='bbox 2688 1607 2919 1681; x_wconf 89' lang='lat' dir='ltr'><strong>indole</strong></span> <span class='ocrx_word' id='word_1_54' title='bbox 2958 1629 3146 1678; x_wconf 89' lang='lat' dir='ltr'><strong>mere</strong></span> <span class='ocrx_word' id='word_1_55' title='bbox 3188 1604 3487 1701; x_wconf 88' lang='lat' dir='ltr'><strong>practica</strong></span> <span class='ocrx_word' id='word_1_56' title='bbox 3532 1603 3703 1692; x_wconf 90' lang='lat' dir='ltr'><strong>sint,</strong></span> <span class='ocrx_word' id='word_1_57' title='bbox 3772 1606 4007 1703; x_wconf 89' lang='lat' dir='ltr'><strong>ecquis</strong></span> <span class='ocrx_word' id='word_1_58' title='bbox 4066 1606 4341 1687; x_wconf 58' lang='lat' dir='ltr'><strong>dubita-</strong></span> 
     </span>
     <span class='ocr_line' id='line_1_8' title="bbox 1311 1724 4341 1837; baseline 0.001 -39"><span class='ocrx_word' id='word_1_59' title='bbox 1311 1726 1520 1813; x_wconf 87' lang='lat' dir='ltr'><strong>verit,</strong></span> <span class='ocrx_word' id='word_1_60' title='bbox 1585 1728 1721 1801; x_wconf 91' lang='lat' dir='ltr'><strong>nisi</strong></span> <span class='ocrx_word' id='word_1_61' title='bbox 1767 1729 1890 1827; x_wconf 92' lang='lat' dir='ltr'><strong>qui</strong></span> <span class='ocrx_word' id='word_1_62' title='bbox 1938 1729 2646 1837; x_wconf 59' lang='grc' dir='ltr'><strong>α’νθρωποπάθειαιζ</strong></span> <span class='ocrx_word' id='word_1_63' title='bbox 2690 1728 2880 1800; x_wconf 85' lang='lat' dir='ltr'><strong>illam</strong></span> <span class='ocrx_word' id='word_1_64' title='bbox 2900 1783 2919 1813; x_wconf 95' lang='lat'>‚</span> <span class='ocrx_word' id='word_1_65' title='bbox 2983 1725 3074 1798; x_wconf 89' lang='lat' dir='ltr'><strong>ad</strong></span> <span class='ocrx_word' id='word_1_66' title='bbox 3119 1749 3329 1822; x_wconf 87' lang='lat' dir='ltr'><strong>quam</strong></span> <span class='ocrx_word' id='word_1_67' title='bbox 3348 1782 3367 1812; x_wconf 93' lang='lat'>‚</span> <span class='ocrx_word' id='word_1_68' title='bbox 3438 1748 3616 1821; x_wconf 85' lang='lat' dir='ltr'><strong>quae</strong></span> <span class='ocrx_word' id='word_1_69' title='bbox 3663 1749 3771 1799; x_wconf 88' lang='lat' dir='ltr'><strong>res</strong></span> <span class='ocrx_word' id='word_1_70' title='bbox 3836 1724 4101 1799; x_wconf 89' lang='lat' dir='ltr'><strong>divinas</strong></span> <span class='ocrx_word' id='word_1_71' title='bbox 4152 1750 4341 1825; x_wconf 90' lang='lat' dir='ltr'><strong>spec-</strong></span> 
     </span>
     <span class='ocr_line' id='line_1_9' title="bbox 1311 1844 4346 1947; baseline -0.001 -28"><span class='ocrx_word' id='word_1_72' title='bbox 1311 1851 1494 1933; x_wconf 89' lang='lat' dir='ltr'><strong>tant,</strong></span> <span class='ocrx_word' id='word_1_73' title='bbox 1547 1847 1779 1921; x_wconf 88' lang='lat' dir='ltr'><strong>omnia</strong></span> <span class='ocrx_word' id='word_1_74' title='bbox 1829 1854 1899 1922; x_wconf 92' lang='lat' dir='ltr'><strong>et</strong></span> <span class='ocrx_word' id='word_1_75' title='bbox 1947 1849 2220 1947; x_wconf 91' lang='lat' dir='ltr'><strong>singula</strong></span> <span class='ocrx_word' id='word_1_76' title='bbox 2270 1849 2383 1922; x_wconf 92' lang='lat' dir='ltr'><strong>hic</strong></span> <span class='ocrx_word' id='word_1_77' title='bbox 2429 1856 2595 1922; x_wconf 89' lang='lat' dir='ltr'><strong>sunt</strong></span> <span class='ocrx_word' id='word_1_78' title='bbox 2654 1846 3003 1945; x_wconf 89' lang='lat' dir='ltr'><strong>proposita</strong></span> <span class='ocrx_word' id='word_1_79' title='bbox 3024 1903 3044 1932; x_wconf 91' lang='lat'><strong>,</strong></span> <span class='ocrx_word' id='word_1_80' title='bbox 3111 1844 3459 1942; x_wconf 87' lang='lat' dir='ltr'><strong>negliget,</strong></span> <span class='ocrx_word' id='word_1_81' title='bbox 3525 1868 3751 1941; x_wconf 91' lang='lat' dir='ltr'><strong>neque</strong></span> <span class='ocrx_word' id='word_1_82' title='bbox 3817 1870 3996 1940; x_wconf 90' lang='lat' dir='ltr'><strong>quae</strong></span> <span class='ocrx_word' id='word_1_83' title='bbox 4041 1870 4081 1919; x_wconf 89' lang='lat' dir='ltr'><strong>a</strong></span> <span class='ocrx_word' id='word_1_84' title='bbox 4122 1844 4346 1919; x_wconf 86' lang='lat' dir='ltr'><strong>fronte</strong></span> 
     </span>
     <span class='ocr_line' id='line_1_10' title="bbox 1307 1962 4348 2065; baseline 0 -28"><span class='ocrx_word' id='word_1_85' title='bbox 1307 1964 1398 2037; x_wconf 88' lang='lat' dir='ltr'><strong>ad</strong></span> <span class='ocrx_word' id='word_1_86' title='bbox 1472 1964 1727 2039; x_wconf 86' lang='lat' dir='ltr'><strong>calcem</strong></span> <span class='ocrx_word' id='word_1_87' title='bbox 1787 1966 1900 2040; x_wconf 92' lang='lat' dir='ltr'><strong>hic</strong></span> <span class='ocrx_word' id='word_1_88' title='bbox 1960 1992 2183 2065; x_wconf 89' lang='lat' dir='ltr'><strong>usque</strong></span> <span class='ocrx_word' id='word_1_89' title='bbox 2247 1974 2649 2055; x_wconf 87' lang='lat' dir='ltr'><strong>recurrunt,</strong></span> <span class='ocrx_word' id='word_1_90' title='bbox 2718 1991 2800 2039; x_wconf 92' lang='lat' dir='ltr'><strong>eo</strong></span> <span class='ocrx_word' id='word_1_91' title='bbox 2870 1989 3019 2038; x_wconf 89' lang='lat' dir='ltr'><strong>esse</strong></span> <span class='ocrx_word' id='word_1_92' title='bbox 3089 1963 3431 2036; x_wconf 87' lang='lat' dir='ltr'><strong>destinata</strong></span> <span class='ocrx_word' id='word_1_93' title='bbox 3493 1962 3754 2051; x_wconf 91' lang='lat' dir='ltr'><strong>videat,</strong></span> <span class='ocrx_word' id='word_1_94' title='bbox 3822 1970 3902 2036; x_wconf 91' lang='lat' dir='ltr'><strong>ut</strong></span> <span class='ocrx_word' id='word_1_95' title='bbox 3972 1964 4045 2037; x_wconf 91' lang='lat' dir='ltr'><strong>in</strong></span> <span class='ocrx_word' id='word_1_96' title='bbox 4114 1963 4348 2037; x_wconf 88' lang='lat' dir='ltr'><strong>oculos</strong></span> 
     </span>
     <span class='ocr_line' id='line_1_11' title="bbox 1311 2081 4346 2183; baseline 0 -29"><span class='ocrx_word' id='word_1_97' title='bbox 1311 2084 1614 2157; x_wconf 82' lang='lat' dir='ltr'><strong>incurrat</strong></span> <span class='ocrx_word' id='word_1_98' title='bbox 1655 2084 2015 2183; x_wconf 88' lang='lat' dir='ltr'><strong>turpitudo</strong></span> <span class='ocrx_word' id='word_1_99' title='bbox 2061 2086 2228 2160; x_wconf 90' lang='lat' dir='ltr'><strong>mali</strong></span> <span class='ocrx_word' id='word_1_100' title='bbox 2271 2088 2580 2175; x_wconf 91' lang='lat' dir='ltr'><strong>moralis,</strong></span> <span class='ocrx_word' id='word_1_101' title='bbox 2632 2094 2713 2159; x_wconf 90' lang='lat' dir='ltr'><strong>ut</strong></span> <span class='ocrx_word' id='word_1_102' title='bbox 2761 2085 2971 2158; x_wconf 88' lang='lat' dir='ltr'><strong>huius</strong></span> <span class='ocrx_word' id='word_1_103' title='bbox 3024 2082 3206 2156; x_wconf 89' lang='lat' dir='ltr'><strong>inter</strong></span> <span class='ocrx_word' id='word_1_104' title='bbox 3254 2081 3567 2155; x_wconf 90' lang='lat' dir='ltr'><strong>homines</strong></span> <span class='ocrx_word' id='word_1_105' title='bbox 3632 2081 3989 2180; x_wconf 83' lang='lat' dir='ltr'><strong>frangatur</strong></span> <span class='ocrx_word' id='word_1_106' title='bbox 4052 2081 4346 2157; x_wconf 90' lang='lat' dir='ltr'><strong>debelle-</strong></span> 
     </span>
     <span class='ocr_line' id='line_1_12' title="bbox 1313 2193 4387 2303; baseline 0 -30"><span class='ocrx_word' id='word_1_107' title='bbox 1313 2210 1566 2300; x_wconf 89' lang='lat' dir='ltr'><strong>turque</strong></span> <span class='ocrx_word' id='word_1_108' title='bbox 1635 2202 2002 2299; x_wconf 89' lang='lat' dir='ltr'><strong>imperium</strong></span> <span class='ocrx_word' id='word_1_109' title='bbox 2019 2263 2038 2292; x_wconf 91' lang='lat'><strong>,</strong></span> <span class='ocrx_word' id='word_1_110' title='bbox 2105 2230 2302 2279; x_wconf 86' lang='lat' dir='ltr'><strong>verae</strong></span> <span class='ocrx_word' id='word_1_111' title='bbox 2367 2232 2526 2281; x_wconf 89' lang='lat' dir='ltr'><strong>vero</strong></span> <span class='ocrx_word' id='word_1_112' title='bbox 2598 2208 2889 2303; x_wconf 87' lang='lat' dir='ltr'><strong>Deoque</strong></span> <span class='ocrx_word' id='word_1_113' title='bbox 2948 2211 3183 2303; x_wconf 88' lang='lat' dir='ltr'><strong>gratae</strong></span> <span class='ocrx_word' id='word_1_114' title='bbox 3250 2193 3522 2274; x_wconf 85' lang='lat' dir='ltr'><strong>virtutis</strong></span> <span class='ocrx_word' id='word_1_115' title='bbox 3584 2201 3897 2275; x_wconf 92' lang='lat' dir='ltr'><strong>studium</strong></span> <span class='ocrx_word' id='word_1_116' title='bbox 3956 2208 4215 2275; x_wconf 89' lang='lat' dir='ltr'><strong>crescat</strong></span> <span class='ocrx_word' id='word_1_117' title='bbox 4281 2198 4387 2275; x_wconf 64' lang='lat' dir='ltr'><strong>et‘</strong></span> 
     </span>
     <span class='ocr_line' id='line_1_13' title="bbox 1313 2320 4351 2418; baseline -0 -25"><span class='ocrx_word' id='word_1_118' title='bbox 1313 2321 1718 2396; x_wconf 86' lang='lat' dir='ltr'><strong>stabiliatur.</strong></span> <span class='ocrx_word' id='word_1_119' title='bbox 1759 2364 1858 2379; x_wconf 91' lang='lat'><strong>—-</strong></span> <span class='ocrx_word' id='word_1_120' title='bbox 1901 2322 2382 2401; x_wconf 84' lang='lat' dir='ltr'><strong>Theoreticum</strong></span> <span class='ocrx_word' id='word_1_121' title='bbox 2433 2327 2619 2401; x_wconf 86' lang='lat' dir='ltr'><strong>dicas</strong></span> <span class='ocrx_word' id='word_1_122' title='bbox 2661 2326 2958 2401; x_wconf 89' lang='lat' dir='ltr'><strong>sublime</strong></span> <span class='ocrx_word' id='word_1_123' title='bbox 3007 2323 3215 2398; x_wconf 88' lang='lat' dir='ltr'><strong>illud:</strong></span> <span class='ocrx_word' id='word_1_124' title='bbox 3278 2352 3313 2390; x_wconf 81' lang='lat' dir='ltr'><em>n</em></span> <span class='ocrx_word' id='word_1_125' title='bbox 3330 2322 3418 2394; x_wconf 91' lang='lat' dir='ltr'><strong>In</strong></span> <span class='ocrx_word' id='word_1_126' title='bbox 3462 2320 3802 2418; x_wconf 88' lang='lat' dir='ltr'><strong>principio</strong></span> <span class='ocrx_word' id='word_1_127' title='bbox 3854 2321 4106 2396; x_wconf 88' lang='lat' dir='ltr'><strong>creavit</strong></span> <span class='ocrx_word' id='word_1_128' title='bbox 4156 2320 4351 2393; x_wconf 90' lang='lat' dir='ltr'><strong>Deus</strong></span> 
     </span>
     <span class='ocr_line' id='line_1_14' title="bbox 1308 2438 4351 2543; baseline 0 -33"><span class='ocrx_word' id='word_1_129' title='bbox 1308 2438 1577 2511; x_wconf 90' lang='lat' dir='ltr'><strong>coelum</strong></span> <span class='ocrx_word' id='word_1_130' title='bbox 1631 2446 1701 2511; x_wconf 91' lang='lat' dir='ltr'><strong>et</strong></span> <span class='ocrx_word' id='word_1_131' title='bbox 1743 2447 1996 2515; x_wconf 89' lang='lat' dir='ltr'><strong>terram</strong></span> <span class='ocrx_word' id='word_1_132' title='bbox 2013 2444 2080 2515; x_wconf 90' lang='lat'><strong>!&#39;&#39;</strong></span> <span class='ocrx_word' id='word_1_133' title='bbox 2097 2447 2173 2535; x_wconf 87' lang='lat'><strong>·1)</strong></span> <span class='ocrx_word' id='word_1_134' title='bbox 2227 2445 2673 2520; x_wconf 84' lang='lat' dir='ltr'><strong>theoreticam</strong></span> <span class='ocrx_word' id='word_1_135' title='bbox 2690 2504 2709 2533; x_wconf 93' lang='lat'>‚</span> <span class='ocrx_word' id='word_1_136' title='bbox 2760 2469 2939 2543; x_wconf 89' lang='lat' dir='ltr'><strong>quae</strong></span> <span class='ocrx_word' id='word_1_137' title='bbox 2986 2442 3333 2541; x_wconf 90' lang='lat' dir='ltr'><strong>sequitur,</strong></span> <span class='ocrx_word' id='word_1_138' title='bbox 3398 2446 3467 2514; x_wconf 92' lang='lat' dir='ltr'><strong>et</strong></span> <span class='ocrx_word' id='word_1_139' title='bbox 3514 2439 3921 2514; x_wconf 79' lang='lat' dir='ltr'><strong>informatae</strong></span> <span class='ocrx_word' id='word_1_140' title='bbox 3972 2439 4236 2513; x_wconf 88' lang='lat' dir='ltr'><strong>telluris</strong></span> <span class='ocrx_word' id='word_1_141' title='bbox 4280 2446 4351 2511; x_wconf 91' lang='lat' dir='ltr'><strong>et</strong></span> 
     </span>
     <span class='ocr_line' id='line_1_15' title="bbox 1307 2557 4349 2663; baseline 0 -33"><span class='ocrx_word' id='word_1_142' title='bbox 1307 2558 1518 2631; x_wconf 87' lang='lat' dir='ltr'><strong>creati</strong></span> <span class='ocrx_word' id='word_1_143' title='bbox 1559 2558 1860 2633; x_wconf 87' lang='lat' dir='ltr'><strong>hominis</strong></span> <span class='ocrx_word' id='word_1_144' title='bbox 1927 2568 1998 2633; x_wconf 93' lang='lat' dir='ltr'><strong>et</strong></span> <span class='ocrx_word' id='word_1_145' title='bbox 2055 2563 2338 2659; x_wconf 91' lang='lat' dir='ltr'><strong>originis</strong></span> <span class='ocrx_word' id='word_1_146' title='bbox 2391 2565 2655 2663; x_wconf 88' lang='lat' dir='ltr'><strong>peccati</strong></span> <span class='ocrx_word' id='word_1_147' title='bbox 2704 2590 2868 2637; x_wconf 83' lang='lat' dir='ltr'><strong>mox</strong></span> <span class='ocrx_word' id='word_1_148' title='bbox 2920 2560 3360 2637; x_wconf 88' lang='lat' dir='ltr'><strong>increscentis</strong></span> <span class='ocrx_word' id='word_1_149' title='bbox 3422 2557 3955 2633; x_wconf 89' lang='lat' dir='ltr'><strong>enarrationem:</strong></span> <span class='ocrx_word' id='word_1_150' title='bbox 4008 2597 4107 2613; x_wconf 91' lang='lat'><strong>—-</strong></span> <span class='ocrx_word' id='word_1_151' title='bbox 4158 2557 4349 2631; x_wconf 87' lang='lat' dir='ltr'><strong>theo·</strong></span> 
     </span>
     <span class='ocr_line' id='line_1_16' title="bbox 1311 2671 4385 2781; baseline 0.001 -32"><span class='ocrx_word' id='word_1_152' title='bbox 1311 2674 1522 2749; x_wconf 85' lang='lat' dir='ltr'><strong>retica</strong></span> <span class='ocrx_word' id='word_1_153' title='bbox 1563 2675 1767 2764; x_wconf 90' lang='lat' dir='ltr'><strong>item,</strong></span> <span class='ocrx_word' id='word_1_154' title='bbox 1818 2701 1995 2775; x_wconf 85' lang='lat' dir='ltr'><strong>quae</strong></span> <span class='ocrx_word' id='word_1_155' title='bbox 2038 2680 2273 2773; x_wconf 88' lang='lat' dir='ltr'><strong>Deum</strong></span> <span class='ocrx_word' id='word_1_156' title='bbox 2313 2682 2425 2754; x_wconf 91' lang='lat' dir='ltr'><strong>hic</strong></span> <span class='ocrx_word' id='word_1_157' title='bbox 2461 2708 2662 2780; x_wconf 90' lang='lat' dir='ltr'><strong>porro</strong></span> <span class='ocrx_word' id='word_1_158' title='bbox 2706 2708 2927 2756; x_wconf 90' lang='lat' dir='ltr'><strong>unum</strong></span> <span class='ocrx_word' id='word_1_159' title='bbox 2946 2741 2965 2771; x_wconf 93' lang='lat'><strong>,</strong></span> <span class='ocrx_word' id='word_1_160' title='bbox 3013 2681 3591 2781; x_wconf 89' lang='lat' dir='ltr'><strong>omnipotentem,</strong></span> <span class='ocrx_word' id='word_1_161' title='bbox 3642 2686 3959 2753; x_wconf 87' lang='lat' dir='ltr'><strong>sanctum</strong></span> <span class='ocrx_word' id='word_1_162' title='bbox 3978 2736 3997 2766; x_wconf 93' lang='lat'><strong>,</strong></span> <span class='ocrx_word' id='word_1_163' title='bbox 4048 2671 4385 2763; x_wconf 75' lang='lat' dir='ltr'><strong>iustum‚&#39;</strong></span> 
     </span>
     <span class='ocr_line' id='line_1_17' title="bbox 1311 2794 4354 2896; baseline -0.001 -28"><span class='ocrx_word' id='word_1_164' title='bbox 1311 2794 1576 2869; x_wconf 85' lang='lat' dir='ltr'><strong>bonum</strong></span> <span class='ocrx_word' id='word_1_165' title='bbox 1595 2853 1614 2882; x_wconf 93' lang='lat'>‚</span> <span class='ocrx_word' id='word_1_166' title='bbox 1665 2796 2027 2871; x_wconf 91' lang='lat' dir='ltr'><strong>hominum</strong></span> <span class='ocrx_word' id='word_1_167' title='bbox 2075 2800 2478 2896; x_wconf 87' lang='lat' dir='ltr'><strong>praesertim</strong></span> <span class='ocrx_word' id='word_1_168' title='bbox 2517 2826 2747 2874; x_wconf 90' lang='lat' dir='ltr'><strong>amore</strong></span> <span class='ocrx_word' id='word_1_169' title='bbox 2786 2826 2867 2874; x_wconf 89' lang='lat' dir='ltr'><strong>ac</strong></span> <span class='ocrx_word' id='word_1_170' title='bbox 2901 2800 3364 2885; x_wconf 85' lang='lat' dir='ltr'><strong>misericordia</strong></span> <span class='ocrx_word' id='word_1_171' title='bbox 3405 2798 3692 2895; x_wconf 90' lang='lat' dir='ltr'><strong>plenum</strong></span> <span class='ocrx_word' id='word_1_172' title='bbox 3708 2855 3729 2886; x_wconf 92' lang='lat'><strong>,</strong></span> <span class='ocrx_word' id='word_1_173' title='bbox 3776 2804 4110 2895; x_wconf 90' lang='lat' dir='ltr'><strong>perpetuo</strong></span> <span class='ocrx_word' id='word_1_174' title='bbox 4150 2794 4354 2867; x_wconf 91' lang='lat' dir='ltr'><strong>nobis</strong></span> 
     </span>
     <span class='ocr_line' id='line_1_18' title="bbox 1313 2915 4352 3017; baseline -0 -28"><span class='ocrx_word' id='word_1_175' title='bbox 1313 2921 1474 2989; x_wconf 86' lang='lat' dir='ltr'><strong>ante</strong></span> <span class='ocrx_word' id='word_1_176' title='bbox 1501 2916 1757 2989; x_wconf 77' lang='lat' dir='ltr'><strong>oculos</strong></span> <span class='ocrx_word' id='word_1_177' title='bbox 1818 2924 2126 3015; x_wconf 81' lang='lat' dir='ltr'><strong>ponunt3</strong></span> <span class='ocrx_word' id='word_1_178' title='bbox 2175 2960 2274 2976; x_wconf 92' lang='lat'><strong>—-</strong></span> <span class='ocrx_word' id='word_1_179' title='bbox 2323 2926 2396 2993; x_wconf 89' lang='lat' dir='ltr'><strong>at</strong></span> <span class='ocrx_word' id='word_1_180' title='bbox 2447 2920 2713 3007; x_wconf 88' lang='lat' dir='ltr'><strong>videas,</strong></span> <span class='ocrx_word' id='word_1_181' title='bbox 2763 2942 2975 3017; x_wconf 89' lang='lat' dir='ltr'><strong>quam</strong></span> <span class='ocrx_word' id='word_1_182' title='bbox 3027 2918 3193 2992; x_wconf 88' lang='lat' dir='ltr'><strong>haec</strong></span> <span class='ocrx_word' id='word_1_183' title='bbox 3251 2917 3402 3013; x_wconf 87' lang='lat' dir='ltr'><strong>ipsa</strong></span> <span class='ocrx_word' id='word_1_184' title='bbox 3466 2916 3604 2989; x_wconf 89' lang='lat' dir='ltr'><strong>sint</strong></span> <span class='ocrx_word' id='word_1_185' title='bbox 3668 2916 3953 2991; x_wconf 87' lang='lat' dir='ltr'><strong>moralia</strong></span> <span class='ocrx_word' id='word_1_186' title='bbox 4018 2915 4352 3001; x_wconf 84' lang='lat' dir='ltr'><strong>maxime,</strong></span> 
     </span>
     <span class='ocr_line' id='line_1_19' title="bbox 1313 3032 4354 3126; baseline -0.001 -19"><span class='ocrx_word' id='word_1_187' title='bbox 1313 3058 1396 3109; x_wconf 91' lang='lat' dir='ltr'><strong>eo</strong></span> <span class='ocrx_word' id='word_1_188' title='bbox 1459 3032 1794 3108; x_wconf 89' lang='lat' dir='ltr'><strong>nimirum</strong></span> <span class='ocrx_word' id='word_1_189' title='bbox 1855 3035 2040 3111; x_wconf 91' lang='lat' dir='ltr'><strong>dicta</strong></span> <span class='ocrx_word' id='word_1_190' title='bbox 2103 3063 2182 3112; x_wconf 88' lang='lat' dir='ltr'><strong>ac</strong></span> <span class='ocrx_word' id='word_1_191' title='bbox 2254 3038 2599 3112; x_wconf 87' lang='lat' dir='ltr'><strong>destinata</strong></span> <span class='ocrx_word' id='word_1_192' title='bbox 2617 3096 2636 3126; x_wconf 95' lang='lat'>‚</span> <span class='ocrx_word' id='word_1_193' title='bbox 2706 3045 2823 3125; x_wconf 91' lang='lat' dir='ltr'><strong>ut,</strong></span> <span class='ocrx_word' id='word_1_194' title='bbox 2890 3036 3117 3111; x_wconf 86' lang='lat' dir='ltr'><strong>Patris</strong></span> <span class='ocrx_word' id='word_1_195' title='bbox 3184 3036 3435 3121; x_wconf 87' lang='lat' dir='ltr'><strong>instar,</strong></span> <span class='ocrx_word' id='word_1_196' title='bbox 3500 3034 3895 3108; x_wconf 87' lang='lat' dir='ltr'><strong>aberrantes</strong></span> <span class='ocrx_word' id='word_1_197' title='bbox 3940 3032 4027 3107; x_wconf 90' lang='lat' dir='ltr'><strong>ab</strong></span> <span class='ocrx_word' id='word_1_198' title='bbox 4070 3032 4354 3107; x_wconf 86' lang='lat' dir='ltr'><strong>interitu</strong></span> 
     </span>
    </p>
   </div>
   <div class='ocr_carea' id='block_1_5' title="bbox 1293 3152 4479 3246">
    <p class='ocr_par' dir='ltr' id='par_1_5' title="bbox 1293 3152 4479 3246">
     <span class='ocr_line' id='line_1_20' title="bbox 1293 3152 4479 3246; baseline -0.001 -19"><span class='ocrx_word' id='word_1_199' title='bbox 1293 3152 1491 3227; x_wconf 58' lang='lat' dir='ltr'><strong>&#39;filios</strong></span> <span class='ocrx_word' id='word_1_200' title='bbox 1568 3178 1728 3226; x_wconf 90' lang='lat' dir='ltr'><strong>suos</strong></span> <span class='ocrx_word' id='word_1_201' title='bbox 1795 3153 2109 3230; x_wconf 89' lang='lat' dir='ltr'><strong>homines</strong></span> <span class='ocrx_word' id='word_1_202' title='bbox 2174 3157 2370 3232; x_wconf 92' lang='lat' dir='ltr'><strong>Deus</strong></span> <span class='ocrx_word' id='word_1_203' title='bbox 2443 3164 2773 3246; x_wconf 84' lang='lat' dir='ltr'><strong>servaret,</strong></span> <span class='ocrx_word' id='word_1_204' title='bbox 2845 3157 2954 3231; x_wconf 90' lang='lat' dir='ltr'><strong>sui</strong></span> <span class='ocrx_word' id='word_1_205' title='bbox 3006 3157 3252 3230; x_wconf 86' lang='lat' dir='ltr'><strong>timore</strong></span> <span class='ocrx_word' id='word_1_206' title='bbox 3312 3180 3429 3228; x_wconf 88' lang='lat' dir='ltr'><strong>eos</strong></span> <span class='ocrx_word' id='word_1_207' title='bbox 3494 3160 3565 3227; x_wconf 91' lang='lat' dir='ltr'><strong>et</strong></span> <span class='ocrx_word' id='word_1_208' title='bbox 3626 3179 3855 3229; x_wconf 88' lang='lat' dir='ltr'><strong>amore</strong></span> <span class='ocrx_word' id='word_1_209' title='bbox 3920 3152 4314 3227; x_wconf 86' lang='lat' dir='ltr'><strong>incenderet</strong></span> <span class='ocrx_word' id='word_1_210' title='bbox 4332 3210 4352 3240; x_wconf 98' lang='lat'><strong>,</strong></span> <span class='ocrx_word' id='word_1_211' title='bbox 4468 3162 4479 3173; x_wconf 82' lang='grc'><strong><em>’</em></strong></span> 
     </span>
    </p>
   </div>
   <div class='ocr_carea' id='block_1_6' title="bbox 1319 3262 4355 4682">
    <p class='ocr_par' dir='ltr' id='par_1_6' title="bbox 1319 3262 4355 4682">
     <span class='ocr_line' id='line_1_21' title="bbox 1319 3262 4355 3370; baseline -0 -26"><span class='ocrx_word' id='word_1_212' title='bbox 1319 3295 1580 3370; x_wconf 88' lang='lat' dir='ltr'><strong>perque</strong></span> <span class='ocrx_word' id='word_1_213' title='bbox 1625 3273 1852 3346; x_wconf 87' lang='lat' dir='ltr'><strong>nullas</strong></span> <span class='ocrx_word' id='word_1_214' title='bbox 1897 3298 2037 3347; x_wconf 90' lang='lat' dir='ltr'><strong>non</strong></span> <span class='ocrx_word' id='word_1_215' title='bbox 2080 3299 2244 3349; x_wconf 89' lang='lat' dir='ltr'><strong>suae</strong></span> <span class='ocrx_word' id='word_1_216' title='bbox 2287 3276 2769 3351; x_wconf 88' lang='lat' dir='ltr'><strong>Providentiae</strong></span> <span class='ocrx_word' id='word_1_217' title='bbox 2814 3276 2956 3349; x_wconf 89' lang='lat' dir='ltr'><strong>vias</strong></span> <span class='ocrx_word' id='word_1_218' title='bbox 2999 3277 3125 3349; x_wconf 90' lang='lat' dir='ltr'><strong>Sui</strong></span> <span class='ocrx_word' id='word_1_219' title='bbox 3169 3262 3453 3348; x_wconf 84' lang='lat' dir='ltr'><strong>tandem</strong></span> <span class='ocrx_word' id='word_1_220' title='bbox 3520 3274 3778 3347; x_wconf 88' lang='lat' dir='ltr'><strong>similes</strong></span> <span class='ocrx_word' id='word_1_221' title='bbox 3820 3273 4156 3347; x_wconf 90' lang='lat' dir='ltr'><strong>redderet.</strong></span> <span class='ocrx_word' id='word_1_222' title='bbox 4254 3272 4355 3344; x_wconf 91' lang='lat' dir='ltr'><strong>Ut</strong></span> 
     </span>
     <span class='ocr_line' id='line_1_22' title="bbox 1319 3390 4352 3491; baseline 0.001 -30"><span class='ocrx_word' id='word_1_223' title='bbox 1319 3390 1592 3487; x_wconf 88' lang='lat' dir='ltr'><strong>singula</strong></span> <span class='ocrx_word' id='word_1_224' title='bbox 1641 3390 1882 3487; x_wconf 91' lang='lat' dir='ltr'><strong>paucis</strong></span> <span class='ocrx_word' id='word_1_225' title='bbox 1931 3395 2374 3491; x_wconf 89' lang='lat' dir='ltr'><strong>complectar:</strong></span> <span class='ocrx_word' id='word_1_226' title='bbox 2445 3394 2534 3467; x_wconf 89' lang='lat' dir='ltr'><strong>ab</strong></span> <span class='ocrx_word' id='word_1_227' title='bbox 2598 3418 2805 3468; x_wconf 89' lang='lat' dir='ltr'><strong>aureo</strong></span> <span class='ocrx_word' id='word_1_228' title='bbox 2865 3394 3000 3467; x_wconf 87' lang='lat' dir='ltr'><strong>isto</strong></span> <span class='ocrx_word' id='word_1_229' title='bbox 3056 3395 3193 3467; x_wconf 92' lang='lat' dir='ltr'><strong>Dei</strong></span> <span class='ocrx_word' id='word_1_230' title='bbox 3240 3393 3331 3466; x_wconf 89' lang='lat' dir='ltr'><strong>ad</strong></span> <span class='ocrx_word' id='word_1_231' title='bbox 3390 3394 3690 3466; x_wconf 77' lang='lat' dir='ltr'><strong>Cainum</strong></span> <span class='ocrx_word' id='word_1_232' title='bbox 3752 3392 3991 3465; x_wconf 87' lang='lat' dir='ltr'><strong>effato:</strong></span> <span class='ocrx_word' id='word_1_233' title='bbox 4050 3420 4085 3459; x_wconf 80' lang='lat' dir='ltr'><em>n</em></span> <span class='ocrx_word' id='word_1_234' title='bbox 4102 3391 4352 3465; x_wconf 90' lang='lat' dir='ltr'><strong>Nonne</strong></span> 
     </span>
     <span class='ocr_line' id='line_1_23' title="bbox 1323 3504 4354 3610; baseline 0.001 -31"><span class='ocrx_word' id='word_1_235' title='bbox 1323 3506 1500 3580; x_wconf 88' lang='lat' dir='ltr'><strong>bene</strong></span> <span class='ocrx_word' id='word_1_236' title='bbox 1547 3507 1607 3578; x_wconf 91' lang='lat' dir='ltr'><strong>si</strong></span> <span class='ocrx_word' id='word_1_237' title='bbox 1643 3509 1864 3603; x_wconf 89' lang='lat' dir='ltr'><strong>egeris</strong></span> <span class='ocrx_word' id='word_1_238' title='bbox 1907 3508 2156 3583; x_wconf 82' lang='lat' dir='ltr'><strong>erectio</strong></span> <span class='ocrx_word' id='word_1_239' title='bbox 2199 3514 2352 3584; x_wconf 75' lang='lat' dir='ltr'><strong>est?</strong></span> <span class='ocrx_word' id='word_1_240' title='bbox 2447 3512 2574 3583; x_wconf 89' lang='lat' dir='ltr'><strong>Sin</strong></span> <span class='ocrx_word' id='word_1_241' title='bbox 2620 3511 2832 3600; x_wconf 89' lang='lat' dir='ltr'><strong>male,</strong></span> <span class='ocrx_word' id='word_1_242' title='bbox 2882 3512 3094 3585; x_wconf 88' lang='lat' dir='ltr'><strong>cubat</strong></span> <span class='ocrx_word' id='word_1_243' title='bbox 3151 3504 3310 3585; x_wconf 87' lang='lat' dir='ltr'><strong>ante</strong></span> <span class='ocrx_word' id='word_1_244' title='bbox 3365 3518 3635 3610; x_wconf 89' lang='lat' dir='ltr'><strong>portam</strong></span> <span class='ocrx_word' id='word_1_245' title='bbox 3702 3512 4095 3609; x_wconf 89' lang='lat' dir='ltr'><strong>peccatum!</strong></span> <span class='ocrx_word' id='word_1_246' title='bbox 4196 3510 4354 3583; x_wconf 91' lang='lat' dir='ltr'><strong>Hoc</strong></span> 
     </span>
     <span class='ocr_line' id='line_1_24' title="bbox 1323 3624 4352 3725; baseline 0.002 -30"><span class='ocrx_word' id='word_1_247' title='bbox 1323 3636 1396 3696; x_wconf 85' lang='lat' dir='ltr'><strong>te</strong></span> <span class='ocrx_word' id='word_1_248' title='bbox 1435 3624 1567 3696; x_wconf 88' lang='lat' dir='ltr'><strong>sibi</strong></span> <span class='ocrx_word' id='word_1_249' title='bbox 1603 3624 2007 3698; x_wconf 87' lang='lat' dir='ltr'><strong>submittere</strong></span> <span class='ocrx_word' id='word_1_250' title='bbox 2039 3627 2255 3703; x_wconf 89' lang='lat' dir='ltr'><strong>ardet.</strong></span> <span class='ocrx_word' id='word_1_251' title='bbox 2331 3630 2440 3702; x_wconf 84' lang='lat' dir='ltr'><strong>Tu</strong></span> <span class='ocrx_word' id='word_1_252' title='bbox 2473 3654 2632 3703; x_wconf 88' lang='lat' dir='ltr'><strong>vero</strong></span> <span class='ocrx_word' id='word_1_253' title='bbox 2666 3630 3128 3703; x_wconf 90' lang='lat' dir='ltr'><strong>dominaberis</strong></span> <span class='ocrx_word' id='word_1_254' title='bbox 3168 3631 3309 3704; x_wconf 88' lang='lat' dir='ltr'><strong>ei!”</strong></span> <span class='ocrx_word' id='word_1_255' title='bbox 3340 3634 3403 3722; x_wconf 71' lang='lat'><strong>²)</strong></span> <span class='ocrx_word' id='word_1_256' title='bbox 3444 3632 3533 3705; x_wconf 90' lang='lat' dir='ltr'><strong>ab</strong></span> <span class='ocrx_word' id='word_1_257' title='bbox 3572 3630 3703 3704; x_wconf 92' lang='lat' dir='ltr'><strong>hoc</strong></span> <span class='ocrx_word' id='word_1_258' title='bbox 3734 3654 3979 3716; x_wconf 89' lang='lat' dir='ltr'><strong>aureo,</strong></span> <span class='ocrx_word' id='word_1_259' title='bbox 4029 3631 4352 3725; x_wconf 88' lang='lat' dir='ltr'><strong>inquam,</strong></span> 
     </span>
     <span class='ocr_line' id='line_1_25' title="bbox 1325 3741 4353 3848; baseline 0.003 -33"><span class='ocrx_word' id='word_1_260' title='bbox 1325 3741 1532 3829; x_wconf 85' lang='lat' dir='ltr'><strong>effato</strong></span> <span class='ocrx_word' id='word_1_261' title='bbox 1547 3801 1565 3830; x_wconf 93' lang='lat'><strong>,</strong></span> <span class='ocrx_word' id='word_1_262' title='bbox 1615 3767 1740 3841; x_wconf 91' lang='lat' dir='ltr'><strong>per</strong></span> <span class='ocrx_word' id='word_1_263' title='bbox 1784 3752 2032 3819; x_wconf 89' lang='lat' dir='ltr'><strong>cuncta</strong></span> <span class='ocrx_word' id='word_1_264' title='bbox 2048 3803 2067 3833; x_wconf 93' lang='lat'>‚</span> <span class='ocrx_word' id='word_1_265' title='bbox 2118 3770 2294 3844; x_wconf 90' lang='lat' dir='ltr'><strong>quae</strong></span> <span class='ocrx_word' id='word_1_266' title='bbox 2351 3748 2751 3823; x_wconf 70' lang='lat' dir='ltr'><strong>continuata</strong></span> <span class='ocrx_word' id='word_1_267' title='bbox 2810 3750 3131 3848; x_wconf 89' lang='lat' dir='ltr'><strong>deinceps</strong></span> <span class='ocrx_word' id='word_1_268' title='bbox 3196 3750 3365 3824; x_wconf 90' lang='lat' dir='ltr'><strong>serie</strong></span> <span class='ocrx_word' id='word_1_269' title='bbox 3430 3755 3736 3824; x_wconf 84' lang='lat' dir='ltr'><strong>exstant:</strong></span> <span class='ocrx_word' id='word_1_270' title='bbox 3804 3744 4353 3823; x_wconf 88' lang='lat' dir='ltr'><strong>Patriarcharum</strong></span> 
     </span>
     <span class='ocr_line' id='line_1_26' title="bbox 1324 3862 4350 3971; baseline 0.002 -37"><span class='ocrx_word' id='word_1_271' title='bbox 1324 3862 1554 3935; x_wconf 90' lang='lat' dir='ltr'><strong>native</strong></span> <span class='ocrx_word' id='word_1_272' title='bbox 1627 3871 1972 3937; x_wconf 87' lang='lat' dir='ltr'><strong>enarratas</strong></span> <span class='ocrx_word' id='word_1_273' title='bbox 2031 3865 2382 3955; x_wconf 87' lang='lat' dir='ltr'><strong>historias,</strong></span> <span class='ocrx_word' id='word_1_274' title='bbox 2449 3868 2771 3942; x_wconf 87' lang='lat' dir='ltr'><strong>instituta</strong></span> <span class='ocrx_word' id='word_1_275' title='bbox 2835 3864 3170 3958; x_wconf 78' lang='lat' dir='ltr'><strong>Mosaica,</strong></span> <span class='ocrx_word' id='word_1_276' title='bbox 3241 3870 3528 3944; x_wconf 87' lang='lat' dir='ltr'><strong>Davidis</strong></span> <span class='ocrx_word' id='word_1_277' title='bbox 3586 3869 3686 3968; x_wconf 89' lang='lat' dir='ltr'><strong>pii</strong></span> <span class='ocrx_word' id='word_1_278' title='bbox 3750 3866 4044 3965; x_wconf 89' lang='lat' dir='ltr'><strong>suspiria</strong></span> <span class='ocrx_word' id='word_1_279' title='bbox 4080 3890 4091 3971; x_wconf 63' lang='lat'><strong>&#39;.</strong></span> <span class='ocrx_word' id='word_1_280' title='bbox 4098 3866 4313 3939; x_wconf 90' lang='lat' dir='ltr'><strong>animi</strong></span> <span class='ocrx_word' id='word_1_281' title='bbox 4330 3923 4350 3951; x_wconf 91' lang='lat'>‚</span> 
     </span>
     <span class='ocr_line' id='line_1_27' title="bbox 1327 3979 4351 4086; baseline 0.002 -35"><span class='ocrx_word' id='word_1_282' title='bbox 1327 3979 1713 4055; x_wconf 90' lang='lat' dir='ltr'><strong>Salomonis</strong></span> <span class='ocrx_word' id='word_1_283' title='bbox 1771 3982 2178 4081; x_wconf 88' lang='lat' dir='ltr'><strong>sapientiam</strong></span> <span class='ocrx_word' id='word_1_284' title='bbox 2194 4044 2214 4073; x_wconf 91' lang='lat'><strong>,</strong></span> <span class='ocrx_word' id='word_1_285' title='bbox 2263 3986 2766 4084; x_wconf 87' lang='lat' dir='ltr'><strong>Prophetarum</strong></span> <span class='ocrx_word' id='word_1_286' title='bbox 2824 3988 3123 4086; x_wconf 91' lang='lat' dir='ltr'><strong>denique</strong></span> <span class='ocrx_word' id='word_1_287' title='bbox 3190 3988 3514 4064; x_wconf 88' lang='lat' dir='ltr'><strong>sublimia</strong></span> <span class='ocrx_word' id='word_1_288' title='bbox 3574 3988 3780 4062; x_wconf 87' lang='lat' dir='ltr'><strong>verba</strong></span> <span class='ocrx_word' id='word_1_289' title='bbox 3795 4046 3815 4075; x_wconf 92' lang='lat'><strong>,</strong></span> <span class='ocrx_word' id='word_1_290' title='bbox 3884 3985 3976 4060; x_wconf 89' lang='lat' dir='ltr'><strong>ad</strong></span> <span class='ocrx_word' id='word_1_291' title='bbox 4036 3986 4351 4058; x_wconf 85' lang='lat' dir='ltr'><strong>ultimam</strong></span> 
     </span>
     <span class='ocr_line' id='line_1_28' title="bbox 1327 4098 4351 4199; baseline 0.001 -28"><span class='ocrx_word' id='word_1_292' title='bbox 1327 4098 1517 4171; x_wconf 91' lang='lat' dir='ltr'><strong>illam</strong></span> <span class='ocrx_word' id='word_1_293' title='bbox 1541 4157 1560 4186; x_wconf 89' lang='lat'>‚</span> <span class='ocrx_word' id='word_1_294' title='bbox 1612 4100 1685 4172; x_wconf 88' lang='lat' dir='ltr'><strong>in</strong></span> <span class='ocrx_word' id='word_1_295' title='bbox 1737 4125 1874 4199; x_wconf 88' lang='lat' dir='ltr'><strong>qua</strong></span> <span class='ocrx_word' id='word_1_296' title='bbox 1921 4104 2302 4178; x_wconf 73' lang='lat' dir='ltr'><strong>Malachiae</strong></span> <span class='ocrx_word' id='word_1_297' title='bbox 2347 4105 2635 4195; x_wconf 86' lang='lat' dir='ltr'><strong>desinit,</strong></span> <span class='ocrx_word' id='word_1_298' title='bbox 2684 4107 2925 4181; x_wconf 89' lang='lat' dir='ltr'><strong>orituri</strong></span> <span class='ocrx_word' id='word_1_299' title='bbox 2966 4109 3251 4181; x_wconf 90' lang='lat' dir='ltr'><strong>tandem</strong></span> <span class='ocrx_word' id='word_1_300' title='bbox 3295 4110 3477 4181; x_wconf 76' lang='lat' dir='ltr'><strong>Solia</strong></span> <span class='ocrx_word' id='word_1_301' title='bbox 3512 4108 3842 4181; x_wconf 78' lang='lat' dir='ltr'><strong>Iustitiae</strong></span> <span class='ocrx_word' id='word_1_302' title='bbox 3890 4100 4351 4177; x_wconf 86' lang='lat' dir='ltr'><strong>annuntiatio-</strong></span> 
     </span>
     <span class='ocr_line' id='line_1_29' title="bbox 1326 4220 4352 4325; baseline 0.001 -35"><span class='ocrx_word' id='word_1_303' title='bbox 1326 4242 1488 4291; x_wconf 91' lang='lat' dir='ltr'><strong>nem</strong></span> <span class='ocrx_word' id='word_1_304' title='bbox 1511 4220 1613 4311; x_wconf 82' lang='lat'><strong>³):</strong></span> <span class='ocrx_word' id='word_1_305' title='bbox 1666 4258 1764 4274; x_wconf 93' lang='lat'><strong>—-</strong></span> <span class='ocrx_word' id='word_1_306' title='bbox 1813 4222 1886 4295; x_wconf 90' lang='lat' dir='ltr'><strong>in</strong></span> <span class='ocrx_word' id='word_1_307' title='bbox 1928 4222 2117 4298; x_wconf 89' lang='lat' dir='ltr'><strong>hisce</strong></span> <span class='ocrx_word' id='word_1_308' title='bbox 2164 4226 2486 4300; x_wconf 91' lang='lat' dir='ltr'><strong>omnibus</strong></span> <span class='ocrx_word' id='word_1_309' title='bbox 2522 4227 3123 4325; x_wconf 87' lang='lat' dir='ltr'><strong>contemplativam</strong></span> <span class='ocrx_word' id='word_1_310' title='bbox 3143 4286 3163 4315; x_wconf 91' lang='lat'><strong>,</strong></span> <span class='ocrx_word' id='word_1_311' title='bbox 3212 4234 3469 4301; x_wconf 86' lang='lat' dir='ltr'><strong>certam</strong></span> <span class='ocrx_word' id='word_1_312' title='bbox 3522 4224 4045 4320; x_wconf 83' lang='lat' dir='ltr'><strong>absolutamque</strong></span> <span class='ocrx_word' id='word_1_313' title='bbox 4090 4222 4352 4295; x_wconf 86' lang='lat' dir='ltr'><strong>divina-</strong></span> 
     </span>
     <span class='ocr_line' id='line_1_30' title="bbox 1325 4340 4354 4444; baseline 0.001 -35"><span class='ocrx_word' id='word_1_314' title='bbox 1325 4362 1484 4411; x_wconf 87' lang='lat' dir='ltr'><strong>rum</strong></span> <span class='ocrx_word' id='word_1_315' title='bbox 1541 4364 1772 4414; x_wconf 88' lang='lat' dir='ltr'><strong>rerum</strong></span> <span class='ocrx_word' id='word_1_316' title='bbox 1825 4342 2351 4441; x_wconf 82' lang='lat' dir='ltr'><strong>patefactionem</strong></span> <span class='ocrx_word' id='word_1_317' title='bbox 2403 4369 2565 4419; x_wconf 86' lang='lat' dir='ltr'><strong>sane</strong></span> <span class='ocrx_word' id='word_1_318' title='bbox 2622 4345 2877 4419; x_wconf 88' lang='lat' dir='ltr'><strong>frustra</strong></span> <span class='ocrx_word' id='word_1_319' title='bbox 2938 4343 3349 4444; x_wconf 84' lang='lat' dir='ltr'><strong>quaesiveris</strong></span> <span class='ocrx_word' id='word_1_320' title='bbox 3364 4376 3383 4431; x_wconf 90' lang='lat'>;</span> <span class='ocrx_word' id='word_1_321' title='bbox 3450 4351 3522 4418; x_wconf 89' lang='lat' dir='ltr'><strong>at</strong></span> <span class='ocrx_word' id='word_1_322' title='bbox 3564 4343 3693 4417; x_wconf 92' lang='lat' dir='ltr'><strong>hoc</strong></span> <span class='ocrx_word' id='word_1_323' title='bbox 3749 4366 3971 4416; x_wconf 86' lang='lat' dir='ltr'><strong>unum</strong></span> <span class='ocrx_word' id='word_1_324' title='bbox 4017 4340 4354 4414; x_wconf 88' lang='lat' dir='ltr'><strong>dominari</strong></span> 
     </span>
     <span class='ocr_line' id='line_1_31' title="bbox 1328 4448 4353 4554; baseline 0.001 -25"><span class='ocrx_word' id='word_1_325' title='bbox 1328 4452 1555 4529; x_wconf 86' lang='lat' dir='ltr'><strong>ubivis</strong></span> <span class='ocrx_word' id='word_1_326' title='bbox 1619 4459 1883 4534; x_wconf 88' lang='lat' dir='ltr'><strong>videbis</strong></span> <span class='ocrx_word' id='word_1_327' title='bbox 1942 4462 2240 4537; x_wconf 89' lang='lat' dir='ltr'><strong>salutare</strong></span> <span class='ocrx_word' id='word_1_328' title='bbox 2303 4464 2666 4540; x_wconf 90' lang='lat' dir='ltr'><strong>consilium</strong></span> <span class='ocrx_word' id='word_1_329' title='bbox 2726 4465 2897 4554; x_wconf 91' lang='lat' dir='ltr'><strong>Dei,</strong></span> <span class='ocrx_word' id='word_1_330' title='bbox 2930 4448 2933 4453; x_wconf 50' lang='grc'><strong>’</strong></span> <span class='ocrx_word' id='word_1_331' title='bbox 2966 4472 3045 4537; x_wconf 89' lang='lat' dir='ltr'><strong>ut</strong></span> <span class='ocrx_word' id='word_1_332' title='bbox 3112 4461 3403 4538; x_wconf 87' lang='lat' dir='ltr'><strong>Divinae</strong></span> <span class='ocrx_word' id='word_1_333' title='bbox 3452 4463 3832 4539; x_wconf 86' lang='lat' dir='ltr'><strong>sanctitatis</strong></span> <span class='ocrx_word' id='word_1_334' title='bbox 3874 4488 3954 4538; x_wconf 90' lang='lat' dir='ltr'><strong>ac</strong></span> <span class='ocrx_word' id='word_1_335' title='bbox 4006 4459 4353 4536; x_wconf 84' lang='lat' dir='ltr'><strong>beatitatis</strong></span> 
     </span>
     <span class='ocr_line' id='line_1_32' title="bbox 1327 4576 2307 4682; baseline 0.013 -35"><span class='ocrx_word' id='word_1_336' title='bbox 1327 4576 1533 4650; x_wconf 92' lang='lat' dir='ltr'><strong>homo</strong></span> <span class='ocrx_word' id='word_1_337' title='bbox 1582 4578 1733 4681; x_wconf 86' lang='lat' dir='ltr'><strong>ipse</strong></span> <span class='ocrx_word' id='word_1_338' title='bbox 1777 4582 2118 4682; x_wconf 87' lang='lat' dir='ltr'><strong>particeps</strong></span> <span class='ocrx_word' id='word_1_339' title='bbox 2163 4586 2307 4660; x_wconf 79' lang='lat' dir='ltr'><strong>fiat.</strong></span> 
     </span>
    </p>
   </div>
   <div class='ocr_carea' id='block_1_7' title="bbox 1323 4750 1854 4767">
    <p class='ocr_par' dir='ltr' id='par_1_7' title="bbox 1323 4750 1854 4767">
     <span class='ocr_line' id='line_1_33' title="bbox 1323 4750 1854 4767; baseline 0 1450"><span class='ocrx_word' id='word_1_340' title='bbox 1323 4750 1854 4767; x_wconf 95' lang='lat' dir='ltr'><strong> </strong></span> 
     </span>
    </p>
   </div>
   <div class='ocr_carea' id='block_1_8' title="bbox 1413 4836 3604 4921">
    <p class='ocr_par' dir='ltr' id='par_1_8' title="bbox 1413 4836 3604 4921">
     <span class='ocr_line' id='line_1_34' title="bbox 1413 4836 3604 4921; baseline -0.005 -8"><span class='ocrx_word' id='word_1_341' title='bbox 1413 4836 1464 4913; x_wconf 86' lang='lat'><strong>¹)</strong></span> <span class='ocrx_word' id='word_1_342' title='bbox 1509 4840 1694 4901; x_wconf 70' lang='lat' dir='ltr'><strong>Gem-</strong></span> <span class='ocrx_word' id='word_1_343' title='bbox 1735 4842 1800 4903; x_wconf 85' lang='lat'><strong>1:</strong></span> <span class='ocrx_word' id='word_1_344' title='bbox 1846 4846 1901 4902; x_wconf 90' lang='lat'><strong>1.</strong></span> <span class='ocrx_word' id='word_1_345' title='bbox 2145 4844 2200 4921; x_wconf 81' lang='lat'><strong>²)</strong></span> <span class='ocrx_word' id='word_1_346' title='bbox 2243 4848 2434 4909; x_wconf 63' lang='lat' dir='ltr'><strong>cenes.</strong></span> <span class='ocrx_word' id='word_1_347' title='bbox 2473 4847 2589 4907; x_wconf 59' lang='grc' dir='ltr'><strong>Νι</strong></span> <span class='ocrx_word' id='word_1_348' title='bbox 2637 4849 2691 4909; x_wconf 69' lang='grc'><strong>1.</strong></span> <span class='ocrx_word' id='word_1_349' title='bbox 2932 4844 2985 4920; x_wconf 79' lang='lat'><strong>⁸)</strong></span> <span class='ocrx_word' id='word_1_350' title='bbox 3026 4846 3351 4908; x_wconf 44' lang='lat' dir='ltr'><strong>Mamm</strong></span> <span class='ocrx_word' id='word_1_351' title='bbox 3389 4846 3503 4905; x_wconf 79' lang='lat' dir='ltr'><strong>1v=</strong></span> <span class='ocrx_word' id='word_1_352' title='bbox 3548 4850 3604 4903; x_wconf 82' lang='lat'><strong>2.</strong></span> 
     </span>
    </p>
   </div>
   <div class='ocr_carea' id='block_1_9' title="bbox 4946 0 4954 3741">
    <p class='ocr_par' dir='ltr' id='par_1_9' title="bbox 4946 0 4954 3741">
     <span class='ocr_line' id='line_1_35' title="bbox 4946 0 4954 3741; baseline 0 0"><span class='ocrx_word' id='word_1_353' title='bbox 4946 0 4954 3741; x_wconf 95' lang='lat' dir='ltr'><strong> </strong></span> 
     </span>
    </p>
   </div>
  </div>
 </body>
</html>
