4967 6217
1812 705 2368 775 ORATIO.
2515 728 2538 745 ⁶
3497 708 3582 770 77

422 1004 431 1011 ,
556 942 643 991 ne
696 942 1028 1017 umquam
1047 974 1067 1005 ‚
1116 917 1189 989 in
1242 914 1427 991 ludis
1486 915 1679 1004 serii,
1744 916 1819 988 in
1884 915 2076 990 seriis
2138 915 2377 989 ludere
2440 911 2828 989 videamini.
2931 910 3266 1010 Ingenui,
3336 909 3576 997 faceti,

552 1036 838 1112 remisso
884 1036 1163 1111 homine
1208 1035 1405 1134 digni
1450 1036 1732 1110 fuerunt
1772 1035 1924 1109 ludi
1986 1035 2193 1109 vestri
2214 1093 2232 1121 ,
2284 1033 2410 1107 sed
2470 1055 2808 1105 memores
2867 1029 3077 1104 etiam
3139 1028 3329 1103 eritis
3351 1085 3371 1116 ,
3439 1052 3578 1131 non

551 1156 649 1230 ita
696 1181 741 1230 a
781 1164 1030 1261 natura
1078 1180 1206 1229 nos
1252 1162 1614 1253 generatos
1664 1178 1853 1240 esse,
1919 1161 2001 1227 ut
2047 1154 2139 1228 ad
2183 1153 2429 1227 ludum
2496 1157 2567 1225 et
2626 1149 2863 1248 jocum
2916 1148 3097 1224 facta
3161 1147 3417 1235 simm,
3490 1146 3580 1221 ad
3659 1228 3664 1231 ,

552 1274 983 1348 severitatem
1052 1274 1283 1373 potius
1336 1268 1434 1346 'et
1507 1273 1597 1367 ad
1672 1270 2014 1369 quaedam
2088 1272 2320 1345 studia
2389 1270 2700 1369 graviora
2770 1275 2980 1365 atque
3053 1267 3332 1365 majora.
3430 1266 3580 1339 Nec

550 1392 969 1467 tabernarias
1009 1390 1298 1466 dedistis
1339 1392 1467 1464 n'ec
1508 1389 1909 1489 planipedes
1953 1413 2080 1463 nec
2122 1389 2513 1475 Atellanas;
2563 1393 3021 1484 praetextatas
3069 1385 3308 1484 egistis
3328 1442 3346 1472 ,
3397 1384 3580 1483 cogi·

552 1512 880 1587 tationem
948 1518 1046 1585 et·
1092 1518 1398 1583 mentem
1466 1509 1558 1583 ad
1627 1508 1967 1583 illustrem
2037 1507 2296 1605 patriae
2366 1506 2724 1581 historiam
2790 1512 3204 1581 revocantes.
3303 1505 3584 1579 Muneri

552 1636 775 1704 vestro
826 1636 897 1703 et
943 1627 1329 1702 studiorum
1378 1633 1449 1701 et
1501 1627 1681 1702 vitae
1742 1626 1917 1701 ratio
1962 1636 2317 1725 congruat.
2415 1626 2679 1699 Eorum
2739 1624 3136 1724 suscepistis
3182 1648 3545 1723 personam
3561 1681 3581 1710 ‚

550 1748 673 1844 qui
732 1745 939 1845 primi
1004 1746 1115 1820 hic
1184 1746 1577 1821 Cna1s'r1m
1638 1746 1856 1821 secuti
1924 1751 2124 1833 sunt;
2196 1770 2285 1819 ne
2348 1745 2606 1819 vestitu
2667 1744 3151 1819 tantummodo
3217 1750 3288 1817 et
3336 1749 3584 1817 ornatu

550 1866 927 1941 Christiani
974 1866 1122 1939 sitis
1140 1924 1159 1954 ,
1210 1867 1335 1941 sed
1380 1875 1615 1942 mente
1654 1865 1995 1965 imprimis
2040 1890 2121 1939 ac
2162 1863 2510 1952 moribus;
2565 1867 2672 1952 ὡς
2709 1891 2938 1943 nstra
2986 1886 3242 1960 φωτος
3282 1891 3581 1962 περιπα-

434 2038 445 2047 -
550 2014 781 2073 wan,
836 1984 1387 2084 δοκιμαζοντες
1435 2016 1513 2061 τι
1566 1988 1785 2062 ἐστιν
1840 1988 2232 2084 edoceam-ov
2285 2012 2391 2081 τῳ
2449 1990 2730 2083 Κυριῳ.
2829 1982 3396 2070 Rhetoricorum,
3463 1982 3586 2080 qui

550 2104 933 2179 litterarum
1000 2104 1073 2178 in
1138 2104 1515 2179 Hollandia
1577 2103 2059 2179 instaurationi
2124 2103 2541 2191 servierunt,
2607 2126 2832 2177 mores
2903 2108 2974 2175 et
3039 2125 3245 2200 opera
3307 2101 3587 2199 penitus

550 2221 931 2319 perspicere
974 2221 1201 2294 conati
1247 2220 1441 2307 estis;
1494 2221 1668 2323 ipsi,
1717 2221 1846 2296 hac
1901 2222 1973 2294 in
2028 2245 2103 2295 re
2160 2245 2397 2295 eorum
2441 2222 2839 2320 exemplum
2897 2221 3152 2309 secuti,
3201 2221 3583 2295 litterarum

552 2339 861 2426 laudem,
930 2364 1070 2437 qua
1121 2339 1413 2439 majores
1483 2340 1703 2415 nostri
1761 2341 2175 2428 floruerunt,
2245 2340 2608 2439 adaugete.
2709 2340 2998 2415 Nobiles
3063 2340 3303 2440 egistis
3366 2339 3543 2413 viros
3563 2398 3582 2426 ‚
3629 2362 3642 2375 ’

554 2457 675 2555 qui
716 2463 895 2531 terra
934 2457 1245 2555 marique
1262 2516 1282 2545 ,
1330 2458 1405 2532 in
1448 2458 1715 2533 artibus
1755 2466 1826 2532 et
1868 2459 2195 2533 doctrinis
2210 2516 2230 2545 ‚
2278 2457 2651 2532 immortali
2691 2458 2908 2557 gloria
2949 2466 3232 2557 gentem
3279 2464 3586 2532 nostram

554 2575 932 2657 affecerunt
945 2609 963 2664 3
1010 2576 1143 2675 ipsi
1180 2577 1557 2666 elaborate,
1605 2585 1689 2651 ut
1709 2635 1729 2665 ‚
1779 2602 2019 2651 eorum
2056 2577 2333 2651 nomine
2372 2574 2602 2676 digni,
2652 2577 2911 2676 patriae
2950 2576 3253 2652 libertati
3267 2635 3287 2665 ‚
3331 2575 3550 2675 vigori
3565 2634 3583 2663 ‚

553 2705 958 2769 ornamento
995 2694 1449 2794 prospiciatis,
1541 2695 1811 2770 Pendet
1838 2682 2103 2771 avobis
2142 2695 2395 2771 civium
2444 2696 2665 2784 salus3
2715 2696 2788 2770 in
2829 2696 3144 2784 ecclesia,
3193 2696 3268 2771 in
3305 2696 3581 2782 scholis,

550 2814 625 2887 in
668 2812 959 2887 summis
978 2813 1408 2912 'reipublicae
1444 2813 1853 2889 muneribus
1872 2871 1892 2904 ,
1942 2821 2249 2888 vestrum
2294 2812 2667 2911 aliquando
2717 2808 2880 2902 erit,
2929 2836 3168 2887 eorum
3206 2812 3584 2888 commodis

552 2931 925 3005 consulere.
1044 2932 1437 3007 Incumbite
1502 2932 1721 3033 igitur
1788 2932 1861 3007 in
1927 2932 2355 3031 disciplinas;
2434 2931 2718 3007 scientia
2789 2939 2862 3006 et
2930 2932 3185 3007 virtute
3255 2930 3580 3007 excellere

554 3048 827 3124 studete
841 3080 861 3137 ;
928 3050 1160 3125 omnia
1213 3076 1333 3125 vos
1399 3052 1737 3139 excitant,
1803 3060 2081 3126 movent
2131 3051 2384 3126 omnia.
2483 3050 3046 3151 Augustissimus
3088 3052 3239 3151 ipse
3291 3076 3415 3125 rex
3465 3076 3584 3127 vos

550 3167 831 3255 invitat,
880 3168 997 3242 cui
1034 3194 1441 3267 persuasum
1482 3178 1625 3260 est,
1674 3170 1935 3269 optime
1979 3170 2243 3271 patriae
2278 3171 2675 3246 consultum
2718 3195 2899 3259 esse,
2949 3169 3010 3245 si
3043 3170 3331 3269 juvenes
3367 3172 3584 3245 nostri

548 3288 623 3361 in
666 3286 752 3361 iis
798 3288 1113 3387 occupati
1150 3288 1290 3363 sint
1335 3291 1584 3366 studiis
1600 3348 1621 3379 ‚
1673 3316 1851 3390 quae
1898 3292 1991 3365 ad
2035 3316 2314 3365 omnem
2356 3292 2684 3366 virtutem
2700 3349 2721 3379 ‚
2769 3290 2862 3365 ad
2919 3313 3204 3365 omnem
3261 3290 3580 3365 humani·

550 3413 768 3481 tatem
834 3405 1223 3505 impellunt.
1319 3409 1657 3484 Recitabo
1730 3409 2201 3508 quaestioneS‚
2276 3434 2449 3508 quas
2523 3435 2610 3483 ex
2679 3407 2900 3507 ipsius
2971 3408 3442 3485 munificentia
3511 3418 3583 3485 et

553 3549 829 3599 summa
879 3525 1284 3600 auctoritate
1328 3528 1833 3627 proposuimus.
1886 3574 1987 3589 —-
2030 3530 2209 3603 Ecce
2269 3510 2393 3628 qui
2438 3530 2669 3603 denuo
2715 3527 2910 3603 vobis
2968 3535 3165 3628 patet
3217 3553 3575 3629 campum;

548 3644 639 3718 ad
688 3643 1039 3717 victoriam
1084 3646 1504 3721 contendite!

648 3763 809 3837 Hoc
856 3787 1077 3837 unum
1136 3772 1487 3863 superest,
1538 3765 1931 3841 Clarissima
1976 3768 2391 3843 Funclscn
2439 3768 2774 3842 Comum
2817 3768 3206 3842 DoNnnasl
3270 3774 3350 3842 ut
3412 3767 3575 3855 tibi,

538 3897 593 3955 'a
646 3904 807 3979 rege
873 3879 1243 3953 successori
1312 3880 1485 3955 mihi
1549 3882 1946 3983 designato,
2012 3885 2401 3961 academiae
2465 3887 2684 3961 fasces
2747 3887 3032 3962 tradam.
3129 3887 3440 3963 Accedas
3484 3888 3575 3963 ad

554 3998 789 4073 sedem
832 3997 966 4071 tibi
1013 3998 1447 4075 destinatam.
1550 4002 1749 4076 Salve
1797 4004 2161 4102 magnifice
2222 4008 2469 4081 rector!
2523 4006 2914 4105 iterumque
2975 4006 3191 4081 salve!
3291 4007 3574 4083 Lubens

555 4116 839 4215 regendi
888 4142 1145 4191 munus
1200 4118 1332 4191 tibi
1383 4120 1573 4196 cedo.
1672 4122 1855 4196 Cum
1920 4123 2222 4209 fascibus
2276 4148 2481 4199 omen
2533 4126 2846 4224 accipias.
2943 4126 3216 4200 Floreat
3277 4132 3346 4199 te
3400 4126 3574 4203 duce

554 4238 737 4311 alma
773 4235 941 4310 haec
979 4237 1345 4311 Musarum
1386 4239 1602 4316 sedes.
1696 4240 1853 4315 Hoc
1889 4242 2097 4317 etiam
2133 4268 2315 4319 anno
2349 4245 2806 4321 Academiam·
2841 4242 3575 4345 Rheno-Trajectinam

554 4354 851 4428 illustret
898 4354 997 4429 sol
1038 4354 1379 4453 justitiae!
