4967 6217
1408 700 1489 765 76
2474 696 2542 759 C.
2613 694 2690 760 G.
2760 688 3351 757 OPZOOMER

1417 907 1632 979 eheu!
1686 911 1907 978 vestro
1957 903 2183 977 ordini
2229 901 2461 1000 plures
2513 898 2678 973 socii
2733 924 2773 972 a
2836 905 3056 971 morte
3074 954 3094 985 ,
3165 918 3344 993 quae
3411 916 3536 967 nec
3597 890 3884 990 juvenili
3938 890 4157 989 parcit
4203 882 4447 974 aetati,

1420 1024 1633 1123 erepti
1684 1031 1865 1097 sunt.
1934 1050 1939 1053 ·
1974 1022 2392 1120 Supremum
2438 1018 2762 1092 obierunt
2811 1016 2996 1091 diem

2098 1185 2564 1258 Gumamus
2615 1182 3074 1265 MoLnMANS,

2090 1302 2496 1376 Anonrnus
2545 1300 2994 1373 Tnssononus
3043 1298 3258 1371 DroN
3309 1296 3694 1379 Biannos,

2095 1422 2476 1495 Aann'rms
2525 1419 2762 1493 JANUS
2807 1419 3146 1503 ΒὸεΚΕΝ,
3197 1421 3268 1487 et

2096 1540 2476 1614 Aann'rms
2527 1539 2949 1611 Columnas
2999 1534 3222 1609 Huoo
3273 1532 3590 1607 Romu.

1512 1739 1612 1812 At
1658 1738 1829 1835 quid
1872 1760 2111 1812 eorum
2159 1732 2439 1808 nomina
2482 1732 2557 1805 in
2597 1730 3000 1805 memoriam
3048 1727 3240 1801 vobis
3283 1750 3522 1800 revoco
3543 1784 3562 1813 ‚
3614 1748 3790 1823 quae
3841 1723 3955 1821 pia
4011 1728 4243 1794 mente
4291 1720 4446 1793 coli-

1419 1857 1553 1930 tis?
1650 1856 1928 1955 Ingenii
1978 1854 2173 1927 dotes
2232 1848 2583 1948 animiq‘ue
2635 1850 2962 1923 virtutem
3028 1847 3250 1920 diram
3295 1850 3588 1918 mortem
3652 1866 3792 1916 non
3859 1864 4085 1915 arcere
4102 1898 4122 1927 ,
4193 1842 4450 1936 experti

1364 2062 1377 2069 ⁶
1419 1974 1604 2049 estis.
1705 1975 1772 2048 A
1836 1980 2203 2072 parentum
2265 1970 2738 2045 amantissimo
2793 1974 3065 2065 pectore
3129 1966 3432 2039 divulsos
3485 1962 3753 2035 vidistis
3813 1961 4027 2046 filios,
4073 1959 4144 2031 in
4201 1957 4451 2055 quibus

1418 2094 1597 2167 vitae
1639 2102 1712 2167 et
1756 2092 2128 2167 senectutis
2180 2115 2457 2165 omnem
2523 2093 2977 2185 reposuerant
3039 2104 3233 2183 spem
3294 2110 3372 2158 ac
3441 2081 3857 2155 felicitatem.
3957 2080 4070 2151 Ne
4123 2102 4452 2174 umquam

1426 2212 1669 2285 talium
1719 2211 2189 2309 exemplorum
2239 2206 2758 2283 obliviscamini.
2859 2204 3300 2278 Hilaritatem
3347 2210 3537 2275 aetas
3586 2209 3809 2274 vestra
3869 2204 4058 2273 amat
4101 2204 4171 2273 et
4217 2220 4451 2294 expos-

1421 2332 1515 2403 cit
1538 2388 1556 2416 ,
1629 2354 1789 2418 nec,
1860 2330 1921 2403 si
1982 2330 2559 2425 intemperantem
2631 2330 2866 2399 senem
2939 2321 3274 2419 excipiam
3295 2378 3314 2408 ,
3386 2318 3676 2394 morosis
3746 2317 4119 2420 juvenibus
4191 2315 4454 2389 tristius

1318 2542 1327 2548 .
1423 2449 1707 2547 cogitari
1744 2455 1973 2548 potest
2012 2446 2512 2545 spectaculum3
2555 2466 2794 2518 verum
2829 2441 2904 2515 in
2933 2441 3164 2515 media
3193 2439 3453 2515 laetitia
3479 2440 3690 2529 finem
3727 2446 3889 2513 ante
3917 2437 4150 2512 oculos
4177 2436 4450 2520 habete;

2063 2656 2273 2715 Omnes
2313 2654 2463 2713 enim
2503 2672 2615 2712 una
2653 2656 2840 2711 manet
2879 2670 3019 2723 nox,

2061 2758 2139 2815 Et
2182 2755 2440 2815 calcanda
2478 2755 2649 2814 semel
2689 2754 2777 2813 via
2813 2753 2931 2813 leti.

2066 2857 2251 2917 Mixta
2289 2876 2481 2917 senum
2521 2876 2586 2917 ac
2618 2853 2887 2933 juvenum
2925 2852 3222 2915 densantur
3263 2854 3456 2915 funera
3470 2878 3488 2932 5
3533 2854 3741 2914 nullum

2070 2960 2247 3019 Saeva
2286 2966 2447 3041 caput
2482 2958 2809 3039 Proserpina
2847 2956 3010 3035 fugit.

1517 3160 1634 3233 Ad
1684 3140 1801 3233 {ros
1842 3184 1955 3233 me
2002 3164 2357 3245 converte,
2388 3156 2815 3257 *amplissimi
2856 3158 3256 3230 Curatores!
3309 3162 3390 3229 ut
3428 3156 3718 3230 referam
3757 3154 3845 3228 de
3880 3153 4138 3228 civibus
4166 3152 4457 3237 nostris,

1420 3304 1719 3379 quorum
1782 3304 1991 3353 causa
2061 3277 2213 3376 ipsa
2280 3277 2449 3352 haec
2517 3276 2869 3352 academia
2926 3276 3096 3349 vivit
3161 3282 3233 3349 et
3299 3274 3535 3364 floret,
3602 3274 3676 3347 in
3743 3298 4032 3370 quorum
4093 3271 4452 3345 honestate

1419 3399 1567 3496 ipse
1647 3397 2037 3473 academiae
2113 3398 2331 3472 honos
2403 3397 2673 3471 nititur.
2771 3396 3052 3470 Praeter
3121 3393 3345 3468 tristia
3362 3450 3382 3483 ,
3453 3394 3541 3467 de
3618 3392 3874 3490 quibus
3943 3390 4086 3464 dixi
4106 3446 4126 3477 ‚
4187 3396 4458 3463 caetera

1420 3519 1619 3591 laeta·
1643 3516 1878 3591 omnia
1926 3522 2135 3619 atque
2184 3516 2429 3593 fausta.
2528 3517 2694 3588 Non
2743 3516 3102 3589 molestam
3119 3572 3140 3602 ,
3211 3514 3335 3588 sed
3397 3511 3779 3611 jucundam
3843 3509 4128 3609 regendi
4178 3508 4460 3606 provin-

1426 3636 1605 3708 ciam
1671 3635 1847 3707 mihi
1896 3634 2369 3708 reddiderunt.
2466 3634 2814 3707 Viderunt
2875 3633 3088 3732 hujus
3153 3632 3347 3707 urbis
3409 3631 3701 3719 incolae,
3769 3631 3879 3704 vel
3936 3629 4010 3703 in
4078 3627 4460 3701 festissimis

1429 3752 1780 3849 praeteriti
1822 3754 1989 3824 anni
2033 3752 2279 3825 diebus
2297 3809 2316 3839 ‚
2364 3751 2439 3824 in
2488 3758 2684 3825 tanta
2717 3752 3050 3849 juvenum
3091 3750 3476 3850 frequentia
3492 3808 3512 3839 ,
3560 3750 3659 3825 ita
3697 3750 3932 3824 omnia
3969 3774 4119 3823 esse
4159 3756 4426 3845 peracta
4441 3806 4457 3833 ,

1432 3879 1513 3943 ut
1564 3869 1903 3968 vituperio
1963 3870 2198 3944 nullus
2248 3869 2660 3969 superfuerit
2722 3871 2914 3945 locus
2930 3930 2949 3957 ,
3012 3878 3248 3945 contra
3310 3894 3550 3945 eorum
3600 3868 3958 3944 urbanitas
4004 3877 4077 3943 et
4125 3866 4460 3965 elegantia

1426 3988 1741 4062 omnium
1819 3989 2024 4063 laude
2108 3989 2319 4087 digna
2398 3989 2488 4063 sit
2556 3988 2813 4065 habita.
2911 3991 3073 4063 Non
3141 4014 3425 4088 possum
3447 4046 3468 4077 ‚
3541 3988 3712 4087 quin
3732 4046 3752 4075 ,
3825 3989 4200 4062 solemnem
4273 3986 4462 4059 illam

1428 4106 1701 4180 dierum
1749 4098 2257 4180 hebdomadem
2278 4164 2297 4193 ,
2347 4105 2461 4179 cui
2501 4130 2740 4181 omnes
2781 4105 3262 4195 interfuimus,
3312 4105 3643 4182 memoria
3680 4114 4034 4205 repetem,
4084 4106 4171 4180 de
4213 4104 4462 4179 illustri

1424 4227 1551 4300 hac
1602 4224 1947 4324 juvenum
2002 4246 2251 4300 corona
2308 4226 2571 4323 optima
2628 4250 2944 4323 quaeque
3011 4249 3299 4326 sperem.
3399 4226 3554 4301 Hoc
3621 4226 3808 4299 enim
3873 4223 4170 4299 audiatis
4224 4223 4459 4310 velim,

1394 4346 1605 4439 ‘cives
1652 4344 2058 4420 academici!
2112 4369 2226 4418 me
2245 4402 2266 4433 ‚
2316 4344 2925 4443 quadragesimum
2971 4354 3042 4419 et
3086 4345 3404 4434 tertium,
3455 4346 3645 4445 quod
3683 4344 4077 4420 celebrastis
4095 4401 4115 4432 ‚
4164 4343 4459 4417 lustrum

1426 4466 1893 4539 recordantem
1913 4524 1933 4553 ,
2004 4488 2144 4539 non
2221 4472 2498 4538 tantum
2563 4462 3084 4561 dispositionem
3151 4466 3462 4555 laudare,
3535 4491 3675 4564 qua
3739 4464 3972 4539 omnia
4040 4472 4329 4537 venuste
4391 4470 4460 4535 et

1428 4582 1780 4681 eleganter
1819 4584 2091 4683 digesta
2134 4584 2452 4671 fuerunt,
2503 4583 2629 4657 sed
2673 4583 2882 4657 etiam
2902 4641 2923 4672 ,
2975 4591 3055 4658 ut
3091 4610 3252 4659 cum
3295 4585 3773 4684 praesentibus
3824 4584 4059 4659 futura
4103 4580 4416 4680 copulem
4437 4637 4456 4667 ,

1428 4726 1631 4775 omen
1694 4703 2021 4801 accipere.
2124 4705 2321 4783 Quid
2384 4703 2619 4778 enim?
2689 4702 2864 4781 ‚Qui
2923 4704 2998 4777 in
3063 4729 3173 4779 res
3235 4704 3444 4779 festas
3505 4714 3575 4780 et
3633 4705 3899 4805 jocosas
3958 4702 4147 4777 omni
4211 4701 4458 4774 virium

1424 4820 1806 4895 intentione
1848 4820 2261 4899 incubuistis
2306 4824 2610 4899 eundem
2649 4849 2812 4900 sane
2855 4824 2930 4899 in
2971 4809 3399 4925 gravioribus
3437 4824 3651 4901 animi
3694 4826 4001 4913 ardorem
4045 4819 4424 4897 ostendetis
4440 4878 4460 4908 ,
