4967 6217
1450 672 1592 749 42·
2383 674 2769 741 SERIES
2858 670 3515 744 LECTIONUM.

1957 901 2454 977 FACULTAS
2503 902 3231 978 PHILOSOPHIAE
3278 900 3963 979 THEORETIOAE

2206 1024 2330 1097 ET
2372 1023 2952 1097 LITERARUM
2997 1022 3716 1099 HUMANIORUM.

1447 1238 1551 1311 M.
1618 1238 2081 1313 Smenuannx
2140 1242 2422 1338 propter
2483 1246 2784 1314 aetatem
2839 1240 3433 1339 septuagenariam
3480 1239 3657 1315 rude
3696 1236 3997 1313 donatus
4016 1298 4038 1327 ,

1549 1364 1890 1453 quantum
1913 1381 2038 1455 per
2059 1358 2235 1431 vires
2255 1357 2526 1446 licebit,
2556 1360 2903 1435 studiosae
2920 1359 3271 1458 juventuti
3300 1358 3624 1457 prodesse
3650 1357 4034 1432 conabitur.

1447 1476 1512 1549 J.
1582 1476 1796 1549 BAxn
1877 1477 2279 1575 praecipuos
2355 1476 2538 1553 locos
2614 1480 3181 1577 interpretabitur
3251 1504 3339 1553 ex
3428 1481 3767 1564 Ciceronis
3840 1477 4035 1551 libris

1541 1598 1626 1669 de
1665 1596 1943 1669 Natura
1991 1598 2288 1670 Deorum
2307 1655 2326 1684 ,
2397 1606 2469 1670 et
2526 1600 2611 1673 de
2667 1601 2955 1697 Officiis,
3021 1598 3269 1673 diebus
3320 1589 3605 1687 Lunae,
3667 1597 3917 1671 Martis
3968 1605 4039 1671 et

1543 1713 1873 1793 Mercurii
1929 1772 4036 1795 ..............................
4103 1716 4273 1792 hora
4336 1705 4469 1821 IX.

1639 1833 2026 1908 Literarum
2073 1836 2491 1909 Graecarum
2546 1834 2871 1910 studiosi·
2920 1836 3013 1909 ad
3060 1836 3655 1934 interpretandum
3703 1844 4041 1935 proponet

1738 1959 1894 2025 tum
1949 1954 2308 2028 Platonem
2375 1955 2452 2027 in
2508 1958 2761 2054 Goryia
2808 1963 2877 2029 et
2914 1954 2989 2029 in
3036 1955 3225 2028 ΙΙΙῒίο
3263 1954 3439 2028 libro
3485 1957 3571 2029 de
3616 1956 3996 2053 Republica
4013 2012 4034 2045 ,

1733 2078 1888 2145 tum
1926 2074 2433 2148 Demosthenem
2467 2074 2542 2148 in
2585 2075 2913 2149 Oratione
2950 2084 3184 2149 contra
3220 2076 3698 2149 Androtiouem
3734 2082 3805 2148 et
3844 2073 3918 2157 in
3952 2098 4033 2149 ea

1740 2198 1974 2264 contra
2021 2194 2320 2269 Mdiam
2338 2252 2358 2281 ,
2407 2193 2659 2267 iisdem
2706 2194 2953 2267 diebus
3004 2248 4033 2269 ...............

1637 2308 1747 2381 Ex
1794 2312 2335 2409 Antiquitatibus
2371 2315 2625 2387 Attim’s
2671 2314 2921 2387 selecta
2968 2313 3192 2412 capita
3238 2313 3562 2389 tractabit
3576 2370 3595 2401 ‚
3646 2310 3760 2386 die
3791 2312 4033 2387 Lunae

1639 2428 1919 2502 Scholas
1968 2430 2474 2530 Paedagogicas
2525 2432 2811 2507 habebit
2829 2492 2850 2521 ,
2901 2433 3013 2507 die
3059 2432 3392 2507 Mercurii
3432 2490 3885 2507 .......
3904 2458 3909 2467 ·
3942 2492 3957 2506 .
4014 2492 4031 2508 .

1444 2546 1509 2618 J.
1583 2547 1685 2620 M.
1761 2549 2106 2623 ScuaANr
2175 2551 2562 2653 Historiam
2627 2551 2899 2627 Patriae
2979 2551 3361 2640 enarrabit,
3434 2550 3683 2625 diebus
3750 2550 3993 2626 Lunae
4016 2610 4036 2639 ‚

1545 2665 1794 2739 Martis
1843 2674 1914 2739 ct
1959 2667 2289 2742 Mercurii
2349 2728 4034 2747 ........................

1643 2784 2056 2883 Praecipuae
2097 2787 2258 2884 styli
2297 2788 2438 2862 sive
2473 2790 2929 2887 Eloquentiae
2960 2790 3234 2889 regulas
3255 2848 3275 2877 ‚
3324 2814 3367 2865 a
3408 2814 3481 2865 se
3516 2790 3737 2865 editas
3755 2848 3776 2881 ,
3824 2790 4036 2864 inter·

1733 2904 2118 3002 pretabitur
2133 2963 2154 2996 ‚
2216 2906 2525 3005 probatis
2589 2906 2985 2981 auctoribus
3005 2964 3026 2997 ,
3088 2907 3405 3005 inprimis
3454 2908 3791 2983 Hoorrro
3809 2967 3829 2996 ,
3876 2910 4033 2984 illu-

1741 3024 2055 3098 strandas
2071 3083 2090 3112 ,
2155 3033 2227 3099 et
2272 3026 2611 3101 exercitiis
2661 3025 3138 3125 applicandas;
3186 3025 3639 3124 Eloquentiae
3685 3027 4039 3102 exterioris

1736 3144 2115 3242 praeceptis
2162 3151 2373 3243 atque
2419 3142 3025 3219 exercitationibus
3068 3144 3351 3243 adjectis
3367 3201 3388 3234 ,
3437 3142 3685 3217 diebus
3726 3143 3773 3218 J
3774 3145 3919 3219 ovis
3965 3153 4037 3220 et

1643 3328 1650 3333 .
1740 3262 2029 3337 Veneris
2065 3318 4035 3341 ............................

1842 3389 1912 3456 et
1961 3383 2072 3456 die
2123 3383 2406 3458 Saturni
2495 3439 3015 3460 ........
3054 3406 3065 3418 ·
3072 3438 4030 3460 ..............

1573 3556 1584 3565 .
1635 3500 1698 3571 E
1765 3498 2226 3596 Scriptoribus
2297 3500 2531 3576 Neerl.
2594 3501 2864 3575 mediae
2924 3500 3168 3575 aetatis
3236 3501 3521 3576 selectos
3580 3502 3801 3594 loona,
3870 3528 4037 3579 mox

1741 3615 2081 3703 edendos,
2131 3617 2542 3714 explicabit,
2592 3620 2706 3693 die
2756 3619 3037 3693 Saturni
3076 3677 4025 3699 ..............

1447 3734 1534 3806 A.
1579 3734 1926 3807 Romans
1975 3733 2417 3808 Ezncmnms
2464 3736 2809 3812 Vaticinia
2851 3744 2922 3812 et
2950 3738 3261 3814 Psalmos
3300 3740 3583 3815 selectos
3624 3741 4031 3843 interpreta-

1548 3851 2777 3953 bitur‚diebusLuuaeetMartis

1839 3977 1909 4043 et
1961 3971 2073 4044 die
2119 3972 2450 4047 Mercurii
2499 4034 4027 4057 ......................

1647 4090 2044 4165 Secundum
2083 4092 2452 4169 Sannaus
2489 4095 2783 4173 Librum
2814 4098 3115 4173 cursoria
3144 4098 3433 4175 lectione
3462 4106 3753 4175 tractare
3790 4110 4033 4202 perget

1748 4210 1860 4285 die
1909 4211 2160 4285 Martis
2217 4270 4027 4301 ..........................

1693 4363 1698 4366 >
1837 4337 1908 4404 et
1955 4330 2068 4403 die
2111 4330 2160 4403 J
2161 4331 2306 4405 ovis
2355 4390 4021 4419 ........................

1641 4448 2112 4547 Antiquitates
2173 4452 2644 4529 Israelitarum
2697 4456 3103 4555 explicabit,
3168 4459 3413 4535 diebus
3455 4461 3697 4537 Lunae
3715 4520 3736 4550 ‚
3782 4462 4033 4537 Martis

1747 4575 1817 4640 et
1861 4570 2192 4645 Mercurii
2282 4632 4027 4657 .........................

1643 4686 2179 4765 Grammaticam
2213 4694 2641 4770 Sanskritam
2672 4697 2947 4771 docebit
2978 4704 3049 4771 et
3078 4694 3571 4798 Anthologiam
3598 4700 4029 4776 Sanskritam

1745 4829 1787 4878 a
1813 4804 1917 4881 cl.
1939 4806 2271 4886 Lassrmo
2293 4816 2549 4891 editam
2564 4874 2584 4908 ,
2609 4818 2945 4917 explicare
2966 4825 3240 4917 perget,
3270 4818 3453 4897 dieb.
3480 4818 3721 4897 Lunae
3740 4828 3813 4895 et
3834 4820 3879 4895 J
3881 4820 4028 4896 ovis

4380 2194 4469 2267 X.

4168 2315 4205 2387 I
4255 2321 4327 2387 et
4371 2315 4469 2387 II.

4166 2432 4203 2505 I
4254 2441 4325 2507 et
4373 2434 4467 2506 II.

4373 2674 4469 2745 ΙΙ.

4340 3626 4468 3699 ΧΙ.

4338 3864 4467 3938 ΙΧ.

4262 3980 4465 4057 VIII.

4293 4342 4467 4416 XII.

4294 4582 4467 4657 XII.

4190 4820 4467 4897 I—III.
