4967 6217
1381 674 1466 741 66
2453 679 2520 744 G.
2591 677 2669 744 G.
2743 674 3337 743 OPZOOMER

1385 880 1570 978 fugit
1584 936 1606 967 ‚
1654 879 1778 977 qui
1815 879 2104 955 aliorum
2161 882 2394 979 spoliis
2456 906 2616 959 suas
2676 882 3037 958 facultates
3051 942 3071 971 ,
3136 882 3365 981 copias
3382 940 3401 969 ,
3469 904 3633 979 opes
3690 889 4031 980 augeant,
4098 906 4416 981 quaeque

1383 998 1520 1097 ipsi
1581 1022 1721 1072 non
1787 999 2101 1073 tribuunt
2142 1000 2328 1089 aliis,
2378 1000 2547 1075 haec
2600 1000 2689 1075 ab
2750 1002 2927 1076 aliis·
2974 1002 3394 1087 desiderent;
3448 999 3571 1073 sed
3638 999 4107 1074 animadverto
4164 1002 4369 1075 etiam
4390 1062 4407 1087 ‚

1385 1117 1757 1191 horrendos
1801 1117 2010 1215 hujus
2057 1120 2271 1192 studii
2315 1127 2601 1195 eventus
2621 1178 2639 1208 ,
2692 1130 3035 1219 quantum
3079 1121 3383 1195 humana
3426 1120 3606 1192 valet
3650 1118 4115 1207 imbecillitaS,
4164 1121 4411 1194 iisdem

1383 1235 1804 1332 reliquorum
1853 1238 2168 1311 omnium
2217 1239 2466 1313 studiis
2514 1240 2747 1314 averti.
4442 1234 4455 1253 ⁸

1479 1354 1756 1428 Gradus
1798 1364 2033 1430 autem
2075 1358 2306 1455 plures
2351 1366 2517 1431 sunt
2559 1358 2901 1433 societatis
2944 1360 3325 1439 hominum.
3430 1358 3529 1430 Ut
3582 1358 3769 1431 enim
3829 1357 3919 1431 ab
3982 1358 4099 1431 illa
4144 1358 4411 1432 infinita

1377 1474 1688 1547 omnium
1761 1475 1942 1547 inter
2016 1499 2256 1550 omnes
2339 1476 2733 1551 discedatur
2751 1536 2769 1566 ,
2844 1480 3118 1578 propior
3186 1486 3292 1551 est
3358 1477 3670 1576 ejusdem
3740 1476 3967 1575 gentis
3986 1535 4004 1565 ,
4078 1478 4412 1563 nationiS,

1377 1590 1675 1690 linguae.
1776 1596 1862 1667 In
1901 1620 2039 1693 qua
2075 1604 2156 1669 ut
2195 1596 2501 1669 multum
2542 1596 2890 1670 valeamus
2924 1605 2995 1670 et
3028 1586 3381 1671 communi
3418 1596 3701 1670 utilitati
3748 1596 3997 1670 servire
4034 1597 4411 1693 possimne,

1377 1711 1831 1786 necessariam
1907 1739 2056 1787 esse
2127 1714 2347 1813 ipsius
2415 1716 2943 1813 cognitionem„
2990 1724 3379 1791 accuratam
3454 1738 3719 1802 rerum,
3798 1740 3883 1789 ex
3952 1714 4207 1813 quibus
4276 1740 4409 1789 non

1377 1837 1652 1906 tantum
1693 1833 2032 1906 conflatur
2081 1841 2151 1905 et
2203 1834 2529 1921 efficitur,
2583 1836 2707 1909 sed
2760 1834 2833 1909 in
2886 1836 3143 1934 quibus
3197 1836 3404 1910 etiam
3456 1834 3681 1932 posita
3728 1842 3833 1907 est
3850 1892 3869 1920 ,
3918 1834 4233 1908 notitiam
4256 1894 4273 1921 ,
4328 1861 4411 1907 ex

1381 1950 1497 2035 iis,
1549 1974 1726 2047 quae
1777 1952 2319 2049 disputavimus,
2371 1955 2624 2052 cuique
2670 1955 2955 2054 patebit.

1478 2070 1678 2142 Nova
1729 2070 1944 2167 igitur
1998 2058 2515 2168 disciplinarum
2571 2075 2799 2147 series.
2848 2074 3102 2162 oritur,
3167 2098 3345 2171 quae
3396 2098 3618 2171 quum
3671 2072 3763 2146 ad
3826 2073 4177 2148 hominem
4198 2134 4217 2162 ‚
4268 2076 4413 2149 ani-

1378 2211 1575 2259 mum
1619 2189 1771 2261 dico
1827 2191 2280 2289 (physiologia
2341 2194 2529 2266 enim
2592 2219 2769 2292 quae
2818 2218 3006 2267 nunc
3076 2194 3330 2267 dicitur
3380 2193 3683 2299 physicis
3731 2202 4184 2269 annumerata
4242 2202 4373 2283 est)
4396 2254 4413 2279 ,

1380 2308 1811 2403 pertineant,
1863 2312 2224 2383 moralium
2273 2290 2556 2385 nomine
2602 2320 2787 2385 recte
2836 2311 3207 2410 significari
3256 2312 3495 2384 solent.

1473 2426 1686 2501 Facta
1727 2435 1834 2500 est
1870 2428 2111 2503 eadem
2131 2430 2222 2501 ·in
2258 2430 2392 2503 illis
2435 2437 2589 2503 tum
2632 2430 3025 2528 conjunctio
3070 2438 3224 2503 tum
3268 2426 3697 2516 distributio,
3750 2452 3960 2526 quam
3997 2428 4073 2502 in
4112 2428 4414 2529 physicis

1379 2544 1577 2641 quasi
1645 2545 1866 2644 digito
1941 2548 2135 2621 vobis
2211 2550 2609 2625 monstravi.
2709 2551 2781 2623 N
2782 2576 2859 2623 ec
2932 2550 3064 2624 alia
3136 2550 3272 2622 fuit
3336 2548 3745 2623 consecutio
3848 2548 4050 2621 Idem
4120 2549 4415 2624 universi

1378 2665 1650 2759 generis
1693 2664 1984 2739 humani
2027 2692 2463 2765 progressus;
2516 2670 2798 2745 eaedem
2836 2671 2910 2745 in
2962 2669 3252 2767 singulis
3294 2652 3694 2742 hominibus
3726 2666 3991 2765 ingenii
4036 2668 4411 2767 angustiae.

1377 2782 1882 2880 Theologorum
1954 2785 2139 2858 enim
2208 2786 2585 2859 maximam
2656 2794 2925 2883 partem
2990 2787 3066 2860 in
3128 2785 3303 2885 juris
3372 2783 3732 2882 disciplina
3796 2782 4113 2857 omnium
4184 2808 4412 2859 rerum

1378 2898 1694 2973 videmus
1738 2902 2084 2999 ignaram3
2131 2903 2619 3003 jureconsultis
2666 2930 2755 2978 ne
2801 2908 3080 2982 nomina
3128 2904 3413 3003 quidem
3456 2903 3733 3001 cognita
3778 2909 3944 2976 sunt
3984 2926 4413 2977 summorum

1381 3020 1677 3093 virorum
1697 3078 1718 3108 ‚
1769 3020 1894 3119 qui
1930 3022 2278 3121 religionis
2319 3048 2601 3098 causam
2646 3023 2811 3097 tuiti
2865 3033 3029 3097 slmt
3080 3048 3371 3121 eamque
3418 3048 3460 3097 a
3506 3022 3827 3097 sordibus
3872 3022 4193 3096 humanis
4252 3046 4417 3121 pur--

1378 3147 1737 3237 gaverunt.
1840 3141 1987 3219 Qui
2034 3142 2298 3240 privato
2330 3141 2473 3241 juri
2524 3167 2801 3243 operam
2847 3144 3015 3218 dant
3054 3144 3413 3242 publicum
3451 3140 3568 3242 jus
3586 3202 3605 3229 ,
3654 3142 3970 3241 gentium
4020 3140 4377 3216 historiam
4394 3200 4416 3226 ,

1379 3257 1796 3355 reipublicae
1859 3261 2385 3357 constituendae
2455 3270 2526 3336 et
2592 3263 2895 3338 tuendae
2962 3264 3298 3337 rationem
3362 3262 3763 3360 negligunt;
3840 3262 3961 3359 qui
4026 3262 4099 3333 in
4172 3284 4411 3336 rerum

1381 3377 1815 3475 publicarum
1871 3380 2198 3454 varietate
2247 3391 2606 3457 versantur
2641 3384 2817 3482 juris
2854 3384 3191 3483 principia
3236 3384 3346 3456 vix
3390 3390 3653 3456 curant.
3752 3380 4026 3455 Artium
4048 3380 4413 3476 ingenua·

1381 3520 1536 3570 rum
1579 3506 1651 3570 et
1692 3498 2112 3595 elegantium
2159 3510 2409 3575 natura
2457 3510 2668 3600 atque
2712 3500 2996 3577 historia
3040 3501 3473 3601 paucissimis
3530 3500 3720 3575 cordi
3776 3508 3914 3587 est;
3970 3524 4012 3573 a
4066 3497 4417 3597 plerisque

1385 3616 1854 3688 contemnitur
1870 3676 1889 3703 ,
1939 3619 2014 3690 in
2063 3619 2491 3715 gravioribus
2540 3621 2790 3693 studiis
2812 3679 2831 3707 ‚
2879 3628 2960 3693 ut
3001 3620 3302 3720 jactant,
3352 3620 3723 3717 occupatis.

1481 3734 1610 3805 Est
1645 3733 1862 3830 igitur
1891 3734 1971 3831 in
2014 3744 2284 3834 apert0,
2333 3738 2422 3811 A.
2464 3738 2591 3825 A.,
2639 3762 3021 3835 operarum⁸
3039 3740 3475 3836 partitionem
3520 3738 3984 3815 doctrinarum
4023 3736 4413 3836 progressui

1389 3852 1560 3927 adeo
1613 3853 2064 3929 neeessariam
2095 3880 2260 3945 ,esse
2282 3913 2302 3943 ‚
2352 3865 2434 3930 ut
2493 3883 2645 3931 eam
2690 3858 3038 3957 negligere
3081 3866 3151 3932 et
3200 3859 3290 3933 ad
3349 3858 3902 3957 antiquissimam
3950 3856 4415 3932 conditionem

1387 3972 1609 4046 redire
1652 3997 2076 4071 nequeamus
2091 4009 2108 4062 ;
2159 4000 2301 4050 una
2365 3986 2600 4052 autem
2650 3984 3002 4052 tantorum
3046 3979 3637 4053 incommodorum
3689 4002 3969 4053 causam
4032 3976 4245 4051 fuisse
4264 4035 4283 4062 ,
4332 3983 4413 4047 ut

1389 4092 1590 4165 anxie
1642 4113 2051 4190 quaeramus
2071 4153 2089 4181 ,
2153 4120 2328 4169 num
2379 4096 2642 4195 aliquid
2707 4099 3121 4195 reperiatur,
3171 4099 3362 4197 quod
3420 4100 3674 4173 damna
3740 4106 4004 4185 arceat,
4052 4096 4411 4171 commoda

1389 4218 1688 4285 tueatur.
1788 4213 1939 4286 Nec
1978 4213 2232 4289 frustra
2275 4217 2705 4313 quaerimus3
2758 4242 3073 4291 summus
3114 4219 3299 4291 enim
3341 4218 3653 4291 omnium
3699 4242 3931 4291 rerum
3970 4216 4411 4315 gubernator,

1389 4330 1694 4404 humano
1750 4332 1988 4429 generi
2034 4334 2454 4431 prospiciens
2478 4393 2497 4421 ,
2562 4336 2922 4434 plerosque
2970 4335 3367 4410 arctissimis
3430 4337 3638 4411 unius
3687 4336 4087 4434 disciplinae
4152 4336 4409 4410 finibus

1390 4449 1953 4524 circumscribens
1972 4510 1991 4539 ,
2055 4454 2294 4550 paucis
2362 4454 2782 4551 quibusdam
2840 4456 3099 4553 majora
3158 4456 3445 4554 largitus
3498 4464 3636 4543 est,
3689 4482 3944 4554 eosque
4009 4456 4082 4529 in
4141 4478 4413 4529 summo

1393 4566 1624 4663 posuit
1686 4567 1942 4641 montis
1998 4568 2205 4668 jugo,
2274 4571 2463 4645 unde
2528 4572 2787 4646 omnia.
2821 4573 2972 4671 ejus
3026 4576 3237 4649 latera
3300 4578 3539 4672 atque‘
3570 4599 3849 4649 omnem
3909 4576 3975 4649 ei
4028 4575 4411 4673 subjectam

1392 4684 1638 4758 vallem
1677 4686 1892 4758 oculis
1928 4690 2294 4765 terminare
2336 4690 2625 4801 possint.
2721 4693 3065 4769 Plurimas
3116 4694 3370 4768 scilicet
3430 4720 3684 4793 easque
3749 4695 4049 4769 maxime
4110 4694 4411 4767 diversas

1395 4802 1808 4901 disciplinas·
1832 4814 2064 4881 mente
2113 4834 2239 4885 sua
2278 4814 2864 4911 complectuntur,
2916 4822 2985 4888 et
3032 4815 3130 4889 ita
3170 4814 3754 4914 complectuntur,
3806 4823 3887 4890 ut
3928 4838 4165 4890 earum
4204 4812 4412 4887 ratio-
