4967 6217
1404 686 1491 749 82
2339 682 2723 749 SERIES
2815 678 3470 749 LECTIONUM.

1502 891 2127 967 Eoeercitationibus
2190 890 2449 963 clinicis
2514 891 2590 961 in
2652 895 2805 961 arte
2855 886 3231 986 chiruryica
3251 943 3272 974 ,
3341 894 3414 961 et
3461 886 4066 983 ophthalmiatricis
4083 942 4102 973 ,
4179 884 4427 959 diebus

1405 1012 1643 1097 lunae,
1714 1007 2032 1082 mercurii
2084 1015 2155 1081 et
2211 1008 2477 1081 veneris
2518 1007 2688 1083 hora
2725 1006 3047 1080 ΙΧ--ΧΙ
3067 1065 3088 1098 ‚
3157 1006 3440 1083 caeteris
3490 1004 3736 1081 diebus
3785 1003 3952 1078 hora
3997 1003 4074 1079 X
4131 1004 4422 1103 praeerit

1404 1128 1483 1203 L.
1536 1129 1616 1202 C.
1668 1150 1813 1201 vsu
1864 1128 2343 1201 Gonnonvnn.

1498 1248 1874 1345 Deliyandi
1942 1247 2457 1321 eoeercitationes
2510 1247 2982 1323 moderabitur
3033 1247 3116 1321 L.
3165 1245 3249 1321 C.
3301 1266 3452 1319 VAN
3487 1246 3978 1331 Gonnonvmz,
4015 1241 4142 1317 die
4188 1243 4424 1329 lunae,

1406 1366 1572 1440 hora.
1616 1366 1721 1438 VI
1726 1364 2003 1438 —VIII
2052 1372 2209 1463 post
2253 1365 2634 1442 meridiem.

1510 1486 2034 1583 operationibus
2083 1486 2479 1584 chiruryieis
2519 1487 2595 1558 in
2643 1488 2970 1560 cadavere
3008 1486 3440 1559 instituendis
3482 1484 3784 1583 qualibet
3824 1482 4052 1557 oblata
4091 1485 4430 1560 occasione

1410 1611 1781 1701 praeerunt
1829 1604 1915 1677 B.
1966 1604 2044 1678 F.
2100 1604 2455 1677 Summa
2503 1610 2574 1677 et
2617 1604 2699 1679 L.
2751 1604 2833 1678 C.
2883 1625 3034 1677 vsu
3081 1606 3560 1679 Gonnonvnn.

1502 1724 1699 1797 Artis
1768 1724 2195 1796 obstetriciae
2258 1723 2584 1795 theoriam
2606 1780 2626 1810 ,
2693 1725 2952 1797 morbos
2985 1748 3480 1821 puerperarum
3531 1730 3603 1795 et
3649 1728 4078 1795 neonatorum
4137 1728 4428 1819 exponet

1406 1842 1488 1915 L.
1543 1842 1625 1916 C.
1677 1864 1824 1914 vAN
1875 1842 2373 1929 Gonnonvmt,
2426 1841 2673 1915 diebus
2722 1842 2964 1915 martis
3011 1850 3082 1915 et
3125 1842 3332 1929 iovis,
3381 1839 3550 1915 hora
3595 1839 3768 1915 XII.

1504 1962 2131 2035 Eoeercitationibus
2194 1962 2600 2035 obstetriciis
2651 1965 2986 2059 practicis
3055 1961 3347 2061 praeerit
3411 1962 3499 2035 L.
3567 1961 3648 2036 C.
3720 1982 3870 2033 uu
3938 1962 4432 2047 Gonnonvnn,

1408 2079 1657 2153 diebus
1703 2080 1909 2153 lunae
1943 2086 2014 2152 et
2061 2079 2371 2167 veneris,
2418 2078 2593 2153 hora
2628 2079 2957 2153 XII—II
2999 2088 3069 2154 et
3107 2081 3200 2155 ad
3237 2077 3769 2205 parturientium
3801 2078 4088 2153 lectulos
4127 2078 4428 2177 qualibet

1404 2197 1639 2273 oblata
1688 2198 2057 2273 occasione.
2789 2243 2795 2250 ·

1500 2318 1560 2391 I.
1612 2316 2239 2391 I.W01.'1·nnnnrz.1<
2264 2376 2284 2405 ‚
2350 2317 2668 2415 quamvis
2729 2342 3016 2393 munere
3083 2342 3210 2391 suo
3273 2318 3640 2393 defunctus
3697 2318 3826 2407 sit,
3887 2316 4154 2391 civibus
4203 2322 4428 2391 tamen

1406 2435 1837 2513 Academicis
1912 2434 2131 2508 officia
2206 2436 2676 2510 humanitatis
2725 2446 3072 2535 praestare
3091 2495 3112 2525 ‚
3181 2438 3583 2535 praesertim
3649 2437 4040 2512 Medicinae
4109 2435 4432 2511 studiosis

1408 2554 1718 2651 qualibet
1766 2554 2279 2653 opportunitate
2329 2555 2698 2653 prodesse,
2745 2556 2937 2630 haud
2983 2557 3349 2633 recusabit.

1784 2791 1893 2863 IN
1941 2791 2512 2867 FACULTATE
2559 2794 3140 2869 MATHESEOS
3187 2796 3310 2870 ET
3355 2796 4085 2871 PHILOSOPHIAE

2644 2913 3219 2990 NATURALIS.

1509 3148 1873 3247 Physicam
1920 3074 2505 3245 eoezmmentalem
2561 3161 2858 3251 exponet
2911 3154 2998 3231 R.
3055 3178 3205 3231 vm
3254 3157 3452 3232 Rnns
3472 3212 3492 3244 ‚
3557 3154 3806 3231 diebus
3859 3156 4097 3245 lunae,
4147 3160 4390 3232 martis
4410 3217 4432 3246 ,

1416 3267 1773 3354 mercurii,
1818 3266 1991 3341 iovis
2040 3272 2113 3340 et
2158 3267 2421 3341 veneris
2439 3327 2460 3357 ‚
2507 3269 2676 3345 hora
2692 3298 2701 3305 ·
2718 3272 2778 3348 I.

1509 3388 1979 3462 Mecbanicam
2021 3388 2435 3485 analyticam
2475 3388 2566 3464 R.
2609 3412 2760 3463 van
2799 3390 2998 3466 Rnns
3021 3450 3041 3481 ,
3091 3392 3339 3467 diebus
3383 3394 3588 3469 lunae
3605 3452 3627 3485 ,
3675 3394 3992 3469 mercurii
4025 3400 4097 3469 et
4132 3396 4402 3471 veneris
4419 3455 4440 3485 ‚

1410 3506 1578 3581 hora
1622 3505 1755 3579 IX.

1508 3626 1849 3721 Physicae
1908 3624 2427 3698 mathematicae
2505 3627 2734 3725 capita
2807 3629 3056 3705 selecta
3120 3632 3210 3707 R.
3261 3656 3412 3707 vsu
3461 3634 3694 3723 Runa,
3767 3634 4014 3709 diebus
4075 3634 4313 3711 martis
4369 3644 4440 3709 et

1418 3743 1588 3816 iovis
1613 3799 1632 3828 ,
1680 3740 1850 3813 hora
1896 3741 2027 3816 IX.
3771 3788 3796 3795 -

1529 3862 1863 3933 Cleemiam
1912 3861 2340 3934 theoreticam
2389 3863 2588 3959 G.*1.
2639 3866 3006 3957 MULDER,
3057 3868 3169 3943 die
3217 3868 3421 3945 lunae
3441 3930 3461 3959 ,
3509 3871 3676 3946 hora.
3723 3872 3818 3950 X.
3854 3891 3863 3900 ’

1532 3980 1865 4053 Cleemiam
1922 3982 2306 4078 yeneralem
2368 3988 2439 4055 et
2497 3984 2908 4080 applicatam
2931 4042 2952 4073 ,
3022 3995 3160 4061 tam
3221 3993 3600 4088 oryanicam
3660 4018 3858 4091 quam
3924 3996 4392 4093 anoryanicam
4417 4052 4437 4080 ,

1419 4096 1645 4171 tradet
1693 4097 1891 4170 G.·1.
1944 4098 2311 4185 Mummi,
2363 4099 2611 4174 diebus
2660 4100 2903 4194 lunae,
2953 4107 3226 4195 martis,
3276 4111 3594 4183 mercurii
3641 4118 3712 4184 et
3757 4112 3927 4185 iovis
3947 4160 3974 4200 ,·
4017 4112 4185 4187 hora
4231 4112 4360 4186 IX.

1439 4235 1447 4243 ·
1528 4218 1863 4291 Cleemiam
1891 4217 2391 4316 patholoqicam
2439 4221 2529 4293 G.
2580 4221 2637 4295 I.
2687 4222 3051 4314 Mummi,
3101 4226 3213 4299 die
3260 4228 3522 4301 veneris
3542 4292 3562 4318 ,
3610 4229 3778 4304 hora
3825 4231 3958 4310 IX.

1531 4337 1867 4419 Chemiam
1938 4337 2348 4433 analytimm
2417 4338 2505 4413 G.
2561 4341 2621 4414 I.
2670 4340 3030 4433 Momm,
3103 4344 3348 4421 diebus
3415 4347 3622 4423 lunae
3639 4409 3661 4440 ,
3703 4352 3975 4426 ·martis
3993 4409 4014 4442 ,
4085 4354 4438 4449 mercurii,

1420 4454 1591 4527 iovis
1638 4461 1709 4526 et
1757 4455 2059 4542 veneriS,
2108 4454 2276 4529 horst
2320 4455 2495 4531 XII.
