4967 6217
1890 724 2445 795 ORATIO.
3535 723 3662 793 205

564 1014 570 1019 ,
638 935 971 1011 maiorem
1014 934 1367 1015 honorem,
1398 958 1623 1031 neque
1668 933 1921 1034 'cupide
1962 940 2403 1031 quaerentem
2450 957 2678 1031 neque
2727 932 2922 1017 valde
2965 938 3398 1019 recusantem
3435 929 3656 1004 abdu-

638 1056 838 1129 xistis
908 1063 979 1129 et
1044 1062 1307 1129 vestrae
1342 1053 1707 1127 ,voluntati
1754 1053 2234 1150 obtemperans
2290 1052 2720 1149 aliorumque
2773 1050 3162 1126 auctoritati
3215 1074 3352 1123 non
3405 1049 3664 1123 invitus

638 1175 893 1249 cedens
935 1199 1223 1265 ‘munus
1288 1172 1598 1245 oblatum
1658 1171 1934 1269 recipie.
2057 1172 2423 1249 Quantum
2491 1170 2716 1245 oneris
2786 1170 2959 1243 mihi
3020 1169 3452 1267 imponatur,
3525 1190 3665 1241 non
3763 1244 3772 1252 ,

636 1294 918 1391 ignoro;
990 1336 1077 1349 —
1152 1315 1505 1389 magnum.
1552 1290 1737 1363 enim
1794 1297 1901 1362 est
1942 1289 2173 1373 literas
2213 1297 2284 1362 et
2328 1292 2625 1363 Graecas
2673 1296 2742 1362 et
2787 1289 3071 1362 Latinas
3117 1288 3393 1374 docere,
3441 1286 3668 1383 iisque

582 1399 585 1405 ⁵
638 1412 961 1485 historiae
1031 1411 1385 1484 scientiam
1456 1416 1527 1482 et
1586 1407 2020 1505 antiquitatis
2076 1407 2512 1505 disciplinam
2565 1408 2940 1505 adiungere
2957 1441 2973 1493 ;
3037 1452 3141 1467 --
3198 1414 3458 1505 quanta
3498 1430 3674 1503 opus

640 1532 767 1604 sit·
804 1530 1066 1628 ingenii
1138 1555 1354 1616 vena,
1426 1537 1688 1625 quanta
1753 1528 2157 1603 eruditionis
2222 1528 2453 1625 copia,
2525 1534 2784 1624 quanta
2840 1526 3209 1625 prudentia
3279 1526 3368 1599 ad
3433 1550 3674 1599 omnes
3799 1534 3804 1539 ’

642 1648 851 1722 huius
918 1648 1303 1747 provinciae
1365 1654 1595 1746 partes
1659 1671 1799 1721 non
1857 1646 2083 1721 dicam
2147 1647 2443 1744 optime,
2512 1645 2704 1745 quod
2764 1646 2994 1720 nescio
3057 1671 3144 1719 an
3173 1672 3236 1735 „a
3285 1646 3476 1719 nullo
3524 1645 3676 1719 fieri

644 1768 899 1866 possit,
969 1768 1094 1842 >sed
1159 1768 1336 1841 bene
1388 1766 1815 1865 implendaS‚
1866 1766 2039 1855 scio;
2091 1766 2347 1863 quibus
2390 1765 2551 1839 viris
2596 1766 2959 1863 succedam
2980 1824 2998 1852 ‚
3048 1764 3172 1864 qui
3221 1764 3384 1838 inde
3429 1763 3517 1837 ab
3557 1763 3675 1837 illo

640 1888 886 1963 Vossio
958 1892 1027 1962 in
1100 1890 1231 1962 hac
1302 1890 1670 1961 Musarum
1702 1914 1711 1921 ·
1738 1886 1901 1959 sede
1962 1886 2191 1959 literas
2259 1885 2656 1971 docuerint,
2727 1882 2817 1959 ex'
2881 1884 3074 1957 libris
3133 1892 3203 1957 et
3247 1883 3679 1957 sermonibus

640 2008 965 2107 cognovi3
1038 2015 1248 2105 atque
1308 2007 1475 2080 haec
1519 2005 1753 2080 omnia
1804 2004 2144 2101 eiusmodi
2187 2012 2384 2092 sunt,
2437 2012 2520 2077 ut
2569 2029 2680 2078 me
2723 2001 2928 2101 plane
2967 2002 3457 2076 conturbarent
3479 2059 3498 2087 ,
3547 2000 3683 2073 nisi

647 2127 1063 2201 confiderem
1128 2125 1482 2201 studiosae
1538 2125 1950 2198 iuventutis·
1986 2123 2313 2197 facilitate
2335 2180 2355 2209 ,
2418 2123 2836 2220 collegarum
2891 2122 3324 2195 humanitate
3345 2178 3364 2207 ‚
3415 2127 3640 2193 vestra
3662 2178 3681 2205 ‚

642 2246 794 2318 Viri
855 2244 1329 2343 Amplissimi‚
1390 2243 1737 2340 aequitate
1776 2251 1847 2316 et
1894 2238 2406 2329 benevolentia,
2458 2240 2896 2337 maximeque
2940 2239 3260 2337 Supremi
3305 2238 3638 2311 Numinis
3661 2296 3680 2323 ‚

564 2367 571 2375 ’
641 2366 839 2438 cuius
907 2364 1191 2462 provida
1262 2387 1427 2435 cura
1504 2362 1671 2434 haec
1740 2360 1972 2433 omnia
2024 2365 2363 2455 reguntur
2383 2417 2404 2445 ‚
2452 2381 2584 2456 ope
2641 2364 2710 2429 et
2759 2357 3034 2431 auxilio.
3135 2356 3274 2429 His
3326 2356 3732 2454 praesidiis,

642 2484 955 2557 munitus
996 2482 1463 2579 antiquitatis
1540 2478 1975 2575 disciplinam
2049 2476 2600 2551 adolescentibus
2669 2476 2768 2549 ita
2838 2476 3105 2549 tradere
3188 2474 3486 2559 conabor
3505 2532 3524 2561 ‚
3603 2484 3682 2546 ut

644 2626 967 2699 praesens
1038 2602 1187 2673 eius
1252 2598 1555 2673 conditio
1600 2598 1949 2697 postulare
1994 2596 2267 2669 videtur
2284 2654 2303 2684 ,
2353 2596 2684 2693 omnique
2731 2596 2938 2694 opera
2983 2594 3061 2667 id
3105 2618 3308 2694 agam
3322 2652 3343 2682 ,
3390 2619 3480 2667 ne
3529 2618 3684 2667 sus-

640 2726 841 2817 cepto
924 2716 1141 2790 labori
1208 2716 1431 2813 impar
1486 2714 1859 2789 existimer.
1959 2714 2248 2788 Utinam
2318 2714 2492 2789 mihi
2543 2716 2709 2789 satis
2759 2714 2884 2789 otii
2929 2715 3342 2789 concedatur
3379 2714 3470 2789 ad
3516 2714 3683 2787 haec

653 2836 883 2911 studia
945 2834 1323 2909 exercenda
1342 2892 1361 2921 ,
1432 2860 1605 2909 neve
1640 2834 2070 2933 ¹gravissimo
2094 2817 2106 2829 ⁰
2128 2834 2319 2909 oneri
2382 2836 2517 2909 alia
2575 2834 2796 2909 officia
2856 2860 3020 2909 cum
3057 2834 3274 2908 literis
3316 2858 3456 2909 non
3503 2840 3686 2907 arcte

647 2954 1015 3029 coniuncta
1082 2953 1428 3027 addantur
1441 2985 1460 3039 ;
1529 2952 1719 3050 quod
1788 2976 1985 3050 spero
2002 3010 2023 3039 ,
2088 2977 2226 3026 non
2300 2978 2439 3052 quo
2515 2953 2816 3029 laborem
2878 2953 3230 3051 defugiam
3254 3012 3275 3041 ,
3343 2954 3466 3027 sed
3524 2951 3690 3050 quia

649 3081 886 3147 metuo
956 3097 1045 3145 ne
1111 3072 1271 3145 alite
1379 3058 1640 3145 vestra'e
1714 3070 1801 3142 de
1868 3092 1980 3141 me
2052 3070 2544 3167 exspectationi
2620 3078 2690 3144 et
2765 3072 3073 3145 muneris
3153 3070 3480 3170 dignitati
3553 3094 3692 3144 non

658 3191 1099 3279 satisfaciam,
1200 3096 1569 3265 Sesfinxatis
1631 3197 1703 3264 et
1764 3188 2049 3281 fortasse
2097 3188 2394 3262 nimium
2438 3189 2526 3261 de
2585 3214 2724 3277 me3
2777 3190 3120 3288 reliquum
3165 3197 3314 3278 est,
3365 3197 3445 3263 ut
3493 3188 3687 3262 vobis

651 3322 723 3387 et
788 3311 1130 3409 imprimis
1198 3311 1283 3383 iis
1352 3320 1657 3383 vestrum
1676 3368 1695 3395 ‚
1769 3308 1891 3407 qui
1950 3331 2173 3406 nuper
2236 3309 2417 3382 inter
2486 3308 2835 3382 senatores
2894 3309 3202 3407 primum
3263 3308 3422 3383 lecti
3475 3315 3640 3383 sunt
3662 3366 3683 3395 ,
3796 3297 3808 3309 ⁶

650 3431 1023 3507 Athenaei.
1054 3455 1163 3503 res
1218 3430 1717 3503 commendem.
1782 3427 2404 3525 -Quandoquidem
2434 3428 2634 3523 enim
2681 3428 2847 3502 haec
2891 3429 3058 3502 urbs
3103 3429 3348 3503 merito
3385 3427 3686 3502 celebra-

654 3562 769 3625 tur
834 3558 1169 3647 tanquam
1235 3548 1575 3623 bonarum
1642 3547 1899 3621 artium
1964 3554 2305 3621 mercatus
2323 3605 2343 3634 ,
2413 3548 2949 3646 magistratuum
3015 3556 3122 3621 est
3191 3548 3368 3622 illud
3433 3570 3684 3621 nomen

654 3669 833 3742 tueri
876 3676 948 3741 et
982 3670 1167 3743 velut
1206 3668 1653 3742 hereditatem
1702 3692 1745 3741 a
1786 3660 2163 3741 maioribus
2194 3673 2545 3764 acceptam
2565 3725 2585 3754 ,
2623 3669 2769 3741 suis
2813 3669 2996 3741 curis
3040 3676 3312 3742 auctam
3335 3727 3354 3756 ,
3394 3668 3686 3766 posteris

652 3790 1057 3888 relinquere.
1162 3788 1376 3865 Quod
1444 3788 1637 3860 nulla
1704 3811 1779 3859 re
1849 3786 2071 3883 magis
2134 3786 2309 3859 effici
2366 3787 2626 3883 possit,
2677 3812 2888 3885 quam
2935 3788 3312 3861 munienda
3357 3788 3483 3862 hac
3529 3812 3705 3861 arce·

654 3909 1038 3982 studiorum
1060 3967 1079 3996 ,
1152 3932 1329 4005 quae
1392 3906 1735 3980 maiorum
1810 3905 2213 3980 liberalitate
2278 3906 2554 3980 condita
2614 3907 2756 3982 duo
2829 3908 3102 3983 saecula
3161 3908 3352 3981 stetit
3417 3906 3684 4005 totique

656 4025 915 4099 civitati
970 4026 1311 4124 praesidio
1346 4033 1417 4096 et
1457 4031 1861 4097 ornamento
1888 4032 2021 4097 est.
2122 4026 2235 4098 Ita
2274 4025 2516 4099 vestris
2561 4027 2885 4125 auspiciis
2932 4028 3171 4101 floreat
3209 4026 3646 4101 Athenaeum
3667 4085 3686 4114 ,

656 4144 870 4219 literis
920 4152 991 4217 et
1042 4144 1419 4242 disciplinis
1469 4168 1638 4216 suus
1688 4150 1826 4217 stet
1872 4144 2109 4218 honos.

754 4266 841 4337 In
908 4264 1025 4351 iis,
1092 4288 1271 4361 quae
1330 4288 1443 4339 me
1500 4273 1865 4337 moverunt
1914 4271 1995 4371 ut
2035 4264 2485 4339 Leovardiam
2530 4266 3052 4343 Amstelodamo
3097 4272 3440 4339 mutarem
3487 4264 3680 4339 relic-

658 4383 885 4481 tisque
954 4382 1056 4455 ibi
1121 4382 1359 4457 amicis
1425 4389 1497 4455 et
1542 4381 1993 4457 familiaribus
2043 4383 2179 4457 huc
2225 4384 2596 4483 migrarem
2613 4444 2634 4474 ‚
2685 4386 2874 4460 haud
2925 4386 3063 4459 scio
3110 4409 3198 4459 an
3248 4386 3472 4484 primo
3534 4384 3682 4458 loco

659 4503 787 4576 hoc
836 4526 1089 4601 ponam
1114 4560 1135 4589 ‚
1186 4503 1375 4600 quod
1428 4510 1533 4575 tot
1582 4503 1762 4576 viros
1804 4502 1878 4575 in
1902 4599 1905 4607 Ι
1927 4503 2054 4578 hac
2107 4503 2281 4577 urbe
2328 4504 2774 4579 inventurum
2823 4529 2934 4579 me
2989 4505 3288 4579 sciebam
3333 4504 3682 4579 doctrinae

660 4621 864 4696 laude
926 4621 1233 4721 insignes
1252 4681 1271 4709 ‚
1345 4628 1467 4696 aut
1520 4646 1795 4696 mecum
1858 4621 1933 4695 in
1996 4622 2373 4698 erudienda
2436 4624 2797 4699 iuventute
2849 4632 3216 4723 occupatos
3265 4632 3389 4699 aut
3431 4624 3554 4722 qui
3601 4646 3682 4697 eo

659 4766 946 4816 munere
1017 4742 1359 4840 praeclare
1418 4740 1725 4816 defuncti
1800 4750 1983 4818 sunt.
2083 4728 2283 4816 Alius
2365 4751 2668 4819 vestrum
2688 4803 2707 4832 ,
2779 4744 2931 4819 Viri
2991 4745 3408 4833 Clarissimi,
3480 4744 3684 4819 aliam

662 4860 1093 4960 disciplinam
1171 4862 1609 4961 persequitur
1627 4920 1647 4951 ,
1723 4862 1847 4937 sed
1910 4862 1983 4935 in
2054 4863 2379 4939 omnibus
2435 4872 2680 4962 regnat
2745 4866 3156 4965 cognitionis
3215 4865 3556 4964 cupiditas
3617 4870 3688 4935 et
