4967 6217
1391 672 1473 735 70
1871 724 1878 730 .
2457 670 2524 738 C.
2593 671 2671 737 G.
2742 667 3341 736 OononER

1386 900 1562 973 quae
1603 874 1924 948 videntur
1959 880 2030 946 et
2069 864 2414 973 ἐμπειρίᾳ
2451 875 2627 949 duce
2664 882 3205 975 cognoscuntur,
3246 871 3651 969 complectio
3686 871 3821 957 vel,
3866 870 3926 943 si
3962 869 4089 941 hoc
4130 868 4426 942 verbum·

1387 1001 1509 1067 aut
1574 994 1805 1067 minus
1859 992 2082 1091 placet
2148 1002 2270 1067 aut
2324 993 2557 1067 minus
2624 995 3073 1095 intelligitur,
3134 993 3587 1085 καταληψις.
3690 988 3997 1062 Unitatis
4060 987 4234 1060 ratio
4252 1020 4271 1073 ,
4322 988 4408 1059 ad

1383 1137 1590 1211 quam
1633 1138 2180 1211 κοσμογραφια
2229 1137 2384 1187 mea
2428 1115 2820 1189 reducenda
2862 1124 3197 1207 est‚1non
3258 1111 3394 1185 nisi
3446 1135 3529 1185 ea
3581 1116 3725 1196 est,
3776 1132 3988 1206 quam
4046 1106 4119 1179 in
4182 1128 4407 1179 rernm

1382 1240 1732 1331 gestarum
1784 1232 2204 1320 narratione,
2267 1231 2341 1306 in
2407 1233 2726 1323 historia,
2774 1234 3188 1333 appetimus.
3290 1230 3547 1305 Omnia
3612 1252 3793 1327 quae
3848 1228 4032 1299 fiunt
4054 1284 4070 1311 ,
4134 1224 4277 1297 sive
4336 1223 4407 1295 in

1383 1374 1621 1423 eorum
1669 1350 1842 1423 serie
1861 1408 1881 1438 ‚
1932 1377 2111 1450 quae
2155 1360 2279 1426 aut
2325 1353 2476 1451 ipsa
2528 1376 2759 1427 rerum
2811 1360 3063 1426 natura
3126 1350 3353 1451 gignit
3418 1358 3543 1423 aut
3604 1346 3838 1421 homin
3846 1370 3965 1419 um
4030 1345 4284 1415 virtute
4340 1343 4411 1414 in

1383 1494 1462 1543 ea
1505 1469 1927 1558 efficiuntur,
1980 1470 2120 1545 sive
2171 1473 2245 1544 in
2285 1472 2603 1571 gentium
2652 1472 2847 1559 fatis,
2898 1472 3107 1545 verbo
3159 1470 3389 1544 omnia
3410 1526 3428 1556 ,
3481 1492 3659 1566 quae
3708 1464 3898 1539 casui
3958 1470 4029 1536 et
4076 1460 4409 1535 vicissitu-

1381 1588 1530 1660 dini
1589 1587 1892 1661 obnoxia
1953 1600 2156 1677 sunt,
2223 1616 2262 1664 e
2309 1591 2799 1690 philosophicis
2850 1591 3251 1666 notionibus
3310 1588 3473 1663 duci
3534 1612 3615 1661 ac
3680 1584 3973 1672 describi
4036 1590 4429 1679 nequeunt..

1379 1714 1954 1807 Κοσμογραφιᾱ
2013 1717 2084 1782 et
2139 1720 2474 1809 perpetua
2538 1736 2769 1785 rerum
2832 1718 3184 1809 gestarum
3240 1708 3524 1783 historia
3582 1730 3801 1803 aeque
3866 1704 3957 1777 ad
4016 1704 4413 1799 ἐμπειριαν

1331 1820 1342 1829 “
1381 1826 1757 1921 pertinent;
1809 1827 2172 1926 utriusque
2223 1840 2459 1905 autem
2512 1830 2873 1903 meditatio
2916 1837 3125 1927 atque
3190 1826 3595 1925 complectio
3612 1884 3629 1913 ,
3678 1830 3926 1921 arguta
3982 1844 4215 1895 rerum
4262 1818 4409 1892 des·

1383 1943 1625 2039 criptio
1681 1951 1753 2017 et
1797 1944 2090 2042 digestio
2115 2004 2134 2033 ,
2183 1956 2337 2021 tum
2389 1974 2433 2022 a
2482 1955 2732 2021 natura
2792 1954 2946 2021 tum
3008 1971 3049 2018 a
3104 1946 3435 2044 gentibus
3496 1954 3845 2045 gestarum
3863 2000 3883 2029 ,
3946 1942 4154 2015 fidem
4219 1938 4415 2013 nobis

1381 2061 1674 2150 faciunt,
1724 2064 1956 2137 omnia
2009 2074 2284 2141 aeterna
2325 2067 2599 2165 disponi
2652 2067 3089 2152 necessitate,
3138 2086 3317 2164 quae
3362 2089 3601 2139 omnes
3656 2072 3809 2137 tum
3852 2085 4215 2159 corporum
4264 2067 4409 2132 tum

1384 2181 1771 2255 animorum
1827 2184 2002 2257 vires
2051 2185 2266 2282 regit,
2317 2210 2633 2284 quaeque
2682 2185 2833 2284 ipsa
2891 2194 3139 2259 natura
3190 2182 3511 2259 habenda
3558 2191 3665 2257 est
3722 2183 3796 2255 in
3858 2190 4153 2278 utraque
4204 2179 4419 2277 ipsius

1383 2306 1576 2397 parte
1595 2358 1614 2387 ,
1665 2308 1735 2373 et
1785 2326 2016 2377 rerum
2064 2328 2542 2402 corporearum
2563 2364 2582 2393 ‚
2633 2313 2705 2377 et
2752 2330 2991 2378 eorum
3014 2364 3033 2393 ,
3083 2328 3264 2402 quae
3306 2303 3397 2378 ab
3441 2304 3631 2376 omni
3674 2300 3947 2375 mortali
3992 2298 4415 2375 concretione

1385 2427 1742 2517 segregata
1805 2430 1986 2495 sunt.
2089 2424 2192 2497 Ea
2241 2424 2405 2497 inde
2472 2424 2779 2498 nascitur
2832 2423 3285 2523 perceptionis
3348 2422 3748 2520 simplicitas
3794 2428 4005 2518 atque
4050 2418 4415 2518 perspicui-

1383 2546 1523 2625 tas,
1573 2563 1654 2613 ea
1716 2546 2001 2615 naturae
2056 2543 2287 2641 legum
2356 2544 2693 2642 cognitio,
2762 2568 2939 2642 quae
3000 2545 3074 2618 in
3138 2544 3613 2643 ἕμπειρικαις
3684 2538 4061 2640 disciplinis
4133 2539 4419 2614 ultimus

1385 2658 1655 2731 videtur
1700 2658 2163 2735 humanarum
2209 2662 2736 2761 indagationum
2782 2664 2963 2737 finis.

1482 2777 1694 2853 Quod
1742 2778 1920 2851 valet
1971 2780 2058 2853 de
2100 2781 2533 2879 philosophia
2587 2782 2885 2855 naturali
2926 2782 3115 2856 idem
3163 2781 3375 2855 etiam
3430 2781 3517 2855 de
3572 2805 3657 2855 ea
3702 2780 3924 2854 valeat
3968 2802 4249 2853 necesse
4278 2786 4413 2861 est,

1393 2918 1570 2989 quae
1615 2895 1708 2968 ad
1755 2896 2066 2973 animum
2088 2957 2108 2986 ‚
2156 2900 2247 2974 ad
2295 2903 2515 2975 officia
2536 2960 2557 2989 ,
2606 2902 2697 2975 ad
2754 2901 3099 2975 civitatem
3154 2898 3463 2975 refertur.
3564 2900 3787 2999 Cujus
3844 2898 4147 2973 diversas
4198 2903 4423 2995 partes

1387 3038 1474 3085 ne
1549 3015 1852 3090 oratione
1923 3042 2296 3117 persequar
2315 3080 2334 3109 ,
2412 3044 2633 3118 quum
2706 3044 3012 3095 summas
3080 3042 3313 3093 rerum
3396 3026 3672 3093 tantum
3742 3020 4081 3117 attingere
4152 3016 4438 3115 longius-

1385 3130 1597 3218 foret,
1648 3134 1734 3207 de
1778 3160 1920 3209 una
1968 3137 2144 3236 juris
2189 3138 2622 3237 philosophia
2665 3139 2805 3213 sive
2852 3137 3148 3212 naturali
3182 3138 3338 3237 jure
3384 3139 3763 3213 dicendum
3809 3139 4097 3212 videtur.
4189 3138 4421 3211 Antea
4508 3214 4515 3221 ,

1389 3249 1694 3327 ἁδυτων
1738 3253 1956 3327 instar
1991 3256 2064 3329 in
2105 3257 2284 3354 juris
2333 3258 2625 3334 sacrario
2676 3254 3113 3334 sanctissime
3158 3283 3312 3333 eam
3356 3260 3614 3333 cultam
3663 3259 3873 3333 fuisse
3916 3264 4197 3331 constat.
4298 3255 4419 3327 Ad

1393 3371 1560 3444 haec
1603 3372 1870 3447 occulta
1907 3400 1987 3447 ac
2024 3378 2376 3452 recondita
2421 3378 2698 3477 templi,
2752 3403 2892 3477 quo
2950 3379 3267 3477 vulgares
3318 3379 3363 3450 J
3367 3378 3837 3453 ureoonsultos
3878 3376 4061 3451 adire
4119 3376 4224 3451 fas
4274 3398 4419 3447 non

1395 3498 1570 3578 erat,
1639 3494 1941 3567 maximo
2002 3503 2275 3571 tantum
2342 3500 2811 3575 doctrinarum
2873 3498 3182 3598 pontifici
3203 3556 3223 3587 ,
3287 3497 3697 3597 philosopho
3761 3496 4090 3570 nimirum
4112 3554 4130 3582 ,
4196 3494 4427 3569 aditus

1394 3608 1697 3705 patebat.
1795 3614 2026 3688 Multa
2073 3641 2234 3690 cum
2281 3620 2713 3693 veneratione
2762 3642 2927 3693 eum
2967 3640 3205 3691 omnes
3246 3619 3875 3716 prosequebantur,
3928 3617 4051 3714 qui
4116 3613 4423 3689 divinum

1395 3727 1502 3799 ibi
1547 3752 1628 3800 ac
1688 3736 2046 3805 aeternum
2105 3734 2220 3831 jus
2290 3736 2433 3811 suis
2501 3739 2649 3835 ipse
2718 3737 2935 3812 oculis
2993 3735 3433 3824 intuebatur,
3508 3738 3789 3835 suisque
3838 3736 4127 3810 auribus
4196 3742 4425 3809 sancta

1399 3846 1726 3920 audiebat
1772 3849 1950 3946 juris
1993 3855 2267 3929 oracula
2286 3914 2304 3943 ,
2353 3856 2562 3931 nullis
2616 3856 2999 3954 interrupta
3058 3854 3275 3929 civilis
3328 3855 3505 3954 juris
3549 3857 3851 3932 fortuitis
3914 3865 3987 3931 et
4054 3855 4427 3929 arbitrariis

1399 3966 1800 4063 praeceptis,
1897 3972 1998 4042 At
2076 3983 2414 4070 quantum
2492 3982 2765 4049 mutata
2836 3982 2941 4048 est
3012 3998 3243 4049 rerum
3330 3977 3665 4050 conditio!
3766 3974 4059 4050 Hiccine
4134 3980 4243 4047 est
4312 3973 4425 4045 ille

1402 4085 1708 4160 Temno
1728 4144 1748 4173 ‚
1818 4089 2025 4164 modo
2095 4118 2306 4191 quem
2372 4094 2589 4194 gloria
2664 4096 2754 4169 ad
2830 4095 3101 4169 coelum
3174 4094 3477 4169 extulit?
3577 4098 3811 4173 Quem
3888 4092 4425 4191 adspectabant?

1403 4203 1624 4303 Cujus
1667 4206 1757 4280 ob
1797 4232 1878 4281 os
1915 4211 2110 4310 Graji
2151 4238 2268 4286 ora
2305 4214 2755 4289 obvertebant
2796 4216 2965 4287 sua?
3060 4214 3109 4286 J
3114 4215 3532 4288 ureconsulti
3570 4239 3734 4288 eum
3778 4214 4102 4288 admirari
4140 4213 4427 4311 ejusque

1405 4322 1626 4398 effatis
1675 4333 1746 4399 et
1796 4354 2111 4428 κυριαις
2178 4331 2445 4420 δοξαις
2520 4332 2880 4406 audientes
2945 4357 3093 4407 esse
3156 4332 3539 4421 desierunt,
3605 4358 3733 4408 nec
3796 4334 4093 4431 amplius
4158 4338 4427 4406 sanctos

1404 4467 1710 4519 recessus
1781 4448 2188 4549 philosopho
2256 4452 2588 4526 invident.
2690 4452 2825 4525 Cui
2896 4452 3086 4526 enim
3153 4451 3337 4526 bono
3397 4460 3754 4526 aeternum
3820 4454 3996 4526 illud
4064 4452 4216 4551 jus,
4290 4474 4427 4546 quo

1405 4562 1596 4635 nullo
1648 4590 1976 4663 umquam
2027 4578 2335 4670 tempore
2391 4572 2498 4645 uti
2550 4574 2926 4670 poterunt?
3024 4572 3177 4647 Nec
3238 4570 3437 4645 facile
3502 4574 3947 4648 adducuntur
4006 4574 4097 4647 ad
4148 4570 4423 4645 creden·-

1412 4680 1620 4767 dum..
1643 4684 1864 4793 ‘illum
1886 4745 1904 4773 ‚
1955 4691 2076 4785 qui
2113 4716 2202 4765 ne
2249 4718 2590 4792 προναον
2626 4692 2910 4791 quidem
2952 4690 3169 4766 civilis
3202 4690 3380 4789 juris
3424 4692 3707 4781 adierit,
3756 4694 3847 4768 ad
3890 4692 4171 4766 intimos
4212 4688 4429 4764 divini

1407 4825 1484 4875 ac
1541 4805 1873 4878 naturalis
1917 4805 2092 4904 juris
2153 4837 2458 4888 recessus
2504 4821 2915 4911 penetrasse.
3016 4811 3364 4909 Equidem
3430 4836 3595 4888 sane
3642 4838 3779 4887 non
3832 4814 4075 4898 miror,
4128 4809 4427 4885 maxima
