4967 6217
1386 726 1510 787 ηε
1814 784 1826 787 ,
2468 702 3326 787 G.A.ENscnsuu

1259 1024 1274 1040 x
1392 962 1429 1001 n
1448 932 1898 1033 geometriam
1944 934 2205 1005 attente
2262 952 2375 1003 me
2423 912 2794 1029 perlegisse
2841 952 3141 1005 asserere
3185 952 3504 1027 possum,
3551 971 3630 985 --
3695 930 4060 1027 praecipua
4113 952 4416 1028 namque

1384 1082 1422 1119 u
1440 1076 1619 1150 quae
1657 1051 1732 1125 in
1768 1046 2061 1125 mathesi
2096 1047 2272 1124 facio
2306 1047 2588 1124 inventa
2605 1107 2626 1137 ‚
2675 1046 2858 1125 inter
2897 1054 3270 1124 nocturnas
3309 1046 3512 1124 horas
3526 1106 3546 1139 ,
3597 1072 3773 1147 quas
3811 1072 4052 1123 somno
4092 1046 4412 1123 suffurari

1384 1200 1420 1237 n
1445 1169 1627 1243 soleo
1645 1227 1668 1257 ,
1702 1166 1876 1243 mihi
1912 1167 2055 1245 sola
2077 1156 2332 1245 mentis
2355 1168 2650 1247 attentio
2689 1167 3002 1269 suggerit
3015 1226 3037 1257 ,
3066 1168 3258 1243 nullo
3281 1168 3690 1268 plerumque
3723 1176 3996 1269 arrepto
4025 1169 4290 1243 calamo
4323 1168 4412 1243 ad

1380 1318 1417 1355 n
1441 1286 1835 1362 faciendum
1876 1287 2219 1365 calculum
2238 1344 2260 1379 ,
2308 1312 2521 1388 quem
2561 1288 2722 1367 licet
2752 1288 3294 1389 prolixissimum
3333 1287 3477 1363 sola
3507 1294 3740 1362 mente
3777 1286 3980 1387 longe
4021 1287 4412 1385 expeditius

1380 1437 1415 1473 n
1436 1406 1724 1481 instituo
1746 1464 1769 1495 ,
1817 1430 2029 1506 quam
2072 1407 2133 1483 si
2172 1412 2373 1485 notas
2416 1408 2492 1482 in
2530 1407 2838 1484 chartam
2883 1404 3361 1485 coniicerem.”
3469 1404 3666 1487 Quid
3703 1413 3934 1482 autem
3985 1407 4404 1483 Auditores!

1376 1534 1627 1601 suntne
1694 1526 1863 1601 haec
1924 1516 2129 1603 verba
2196 1526 2518 1604 vanitatis
2536 1584 2558 1617 ‚
2627 1526 2842 1603 animi
2899 1525 3195 1602 levitatis
3259 1524 3564 1601 indicia?
3660 1526 3774 1601 Ne
3815 1525 3962 1601 falli
4011 1550 4142 1602 nos
4192 1528 4406 1626 patia-

1376 1670 1547 1719 mur.
1648 1644 1723 1721 N
1722 1670 1811 1719 on
1860 1654 2026 1721 sunt
2077 1648 2542 1747 arrogantiae,
2605 1644 2730 1719 sed
2769 1644 3004 1744 potius
3055 1644 3328 1720 nativae
3377 1643 3748 1719 facultatis,
3846 1641 4072 1719 Probe
4129 1668 4404 1719 suarum

1372 1766 1619 1841 virium
1682 1765 1999 1841 conscius
2018 1823 2040 1854 ,
2108 1765 2419 1841 nondum
2484 1771 2720 1840 tamen
2789 1761 3188 1863 complexus
3253 1768 3360 1837 est
3418 1761 3949 1861 amplitudinem
4019 1772 4092 1839 et
4143 1766 4405 1864 copiam

1372 1885 1863 1961 beneficiorum
1904 1885 2057 1961 aliis
2095 1884 2589 1985 praebitorum.
2687 1882 3042 1959 Nimirum
3087 1905 3314 1982 neque
3358 1882 3536 1957 alius
3580 1880 3773 1981 quis,
3823 1906 4052 1981 neque
4090 1884 4230 1981 ipse
4271 1908 4402 1957 sno

1374 2012 1680 2101 ternpore
1718 2003 2143 2104 praevidere
2206 2006 2437 2105 potuit
2452 2062 2476 2094 ‚
2547 2002 2806 2103 quibus
2879 2009 2952 2079 et
3019 2002 3346 2102 qualibus
3417 2002 3718 2077 inventis
3793 2002 4400 2101 progressibusque

1370 2132 1803 2219 posterorum
1842 2122 2024 2199 viam
2066 2124 2439 2201 stravisset.
2509 2122 2834 2197 Vultisne
2875 2121 3328 2221 exemplum?
3415 2121 3898 2197 Admiramini'
3921 2132 4098 2219 puto
4139 2146 4406 2197 mecum

1367 2236 1859 2341 praestantiam
1902 2242 2303 2343 disciplinae
2317 2301 2336 2332 ,
2388 2266 2568 2342 quae
2607 2249 2761 2317 tum
2797 2241 3138 2317 actionem
3181 2244 3499 2317 mutuam
3539 2249 3882 2317 astrorum
3921 2242 3994 2315 in
4041 2252 4410 2339 systemate

1322 2366 1603 2435 ‘nostro
1657 2361 1859 2437 solari
1921 2370 2108 2437 certo
2172 2362 2435 2439 calculo
2497 2360 2890 2451 submittit,
2961 2370 3114 2437 tum
3167 2361 3502 2437 rationem
3553 2360 3872 2435 intimam
3915 2352 4221 2435 cuiusvis
4263 2387 4407 2436 ma-

1368 2481 1643 2569 chinae,
1710 2505 1890 2580 quae
1956 2481 2329 2581 requiritur
2396 2488 2510 2558 ut·
2539 2481 2732 2557 labor
2799 2480 3050 2581 aliquis
3113 2480 3526 2579 perficiatur.
3623 2480 3784 2555 Non
3847 2479 4180 2569 dubitatis
4235 2482 4402 2578 quin

1364 2600 1635 2699 magni.
1672 2600 1945 2676 intersit
2014 2602 2309 2681 civitatis
2329 2660 2349 2691 ,
2425 2600 2566 2677 imo
2633 2598 2906 2701 generis
2975 2599 3264 2675 humani
3337 2598 3584 2690 totius,
3651 2598 4038 2676 doctrinam
4107 2600 4404 2697 aliquam

1365 2721 1527 2793 talia
1596 2720 1859 2795 efficere
1922 2744 2142 2819 posse.
2242 2721 2457 2795 Ecce!
2527 2719 2648 2795 illa
2703 2718 3015 2795 doctrina
3031 2776 3054 2808 ‚
3116 2743 3295 2819 quae
3363 2719 3630 2795 fructus
3688 2717 3974 2818 praebet
4023 2720 4401 2808 eiusmodi,

1370 2838 1763 2913 mechanica
1784 2896 1807 2927 ,
1876 2863 2104 2915 nonne
2172 2838 2576 2915 hodiernam
2645 2862 2845 2915 suam
2913 2838 3402 2939 praestantiam
3465 2838 3837 2913 maximam
3888 2848 4160 2939 partem
4205 2840 4406 2915 debet

1372 2958 1616 3030 statico
1654 2957 1931 3033 cuidam
1972 2957 2341 3059 principio,
2379 2958 2570 3058 quod
2612 2982 2820 3059 quam
2873 2958 3008 3035 late
3052 2964 3286 3058 pateat
3320 2959 3842 3035 Bannoumus
3883 2959 4153 3057 primus
4197 2958 4410 3033 vidit?

1368 3078 1438 3149 N
1442 3101 1518 3151 ec
1584 3101 1741 3151 vero
1812 3058 2021 3153 huius
2087 3077 2349 3161 inventi
2408 3101 2656 3178 praeco
2723 3075 2900 3168 suit,
2960 3078 3058 3155 ita
3114 3086 3196 3155 ut
3260 3077 3586 3153 omnibus
3655 3102 3804 3153 sese
3864 3077 3991 3153 hoc
4060 3078 4409 3151 invenisse

1364 3197 1810 3294 praedicaret.
1924 3198 2244 3275 Minime.
2356 3198 2443 3273 In
2517 3197 2808 3299 epistola
2875 3204 3149 3273 tantum
3213 3222 3356 3272 rem
3435 3196 3825 3298 perscripsit
3893 3196 4399 3281 Vaarexomo,

1366 3317 1707 3416 discipulo
1755 3342 1903 3393 suo,

1460 3438 1573 3512 Ne
1649 3450 1881 3513 tamen
1950 3439 2049 3514 sic
2112 3438 2524 3515 existimetis
2547 3498 2568 3529 ,
2637 3464 2750 3517 me
2805 3439 2932 3517 soli
2985 3440 3343 3540 sagacitati
3399 3439 3788 3538 mentisque
3833 3438 4175 3525 acumini,
4223 3462 4406 3535 quae

1369 3560 1439 3629 in
1478 3558 1963 3633 Baunoumao
2004 3558 2233 3649 fuere,
2274 3560 2634 3659 egregium
2675 3566 2999 3635 eventum
3021 3584 3276 3635 eorum
3295 3616 3316 3648 ,
3353 3582 3534 3657 quae
3569 3558 3947 3637 meditatus
3981 3566 4121 3646 est,
4153 3557 4402 3633 adscri-

1369 3674 1551 3749 bere.
1656 3674 1921 3749 Partim
1980 3698 2233 3774 nempe
2294 3701 2405 3751 res
2451 3677 2660 3752 etiam
2714 3678 3084 3755 tribuenda
3125 3688 3233 3754 est
3273 3678 3409 3779 ipsi
3449 3664 3916 3755 meditationis
3957 3687 4360 3778 argumento
4374 3710 4392 3761 ;

1370 3794 1629 3891 quippe
1696 3793 1866 3867 haec
1938 3794 2043 3867 e'st
2096 3794 2350 3869 eximia
2396 3797 2786 3873 matheseos
2833 3798 3086 3887 virtus,
3137 3808 3220 3873 ut
3271 3821 3434 3898 prae
3481 3799 3726 3875 ceteris
3765 3798 4142 3899 disciplinis
4191 3799 4394 3872 ducat

1367 3912 1481 3987 ad'
1538 3934 1775 3985 verum
1862 3920 2049 3989 certa
2144 3912 2253 3989 via
2332 3915 2843 3997 inveniendum.
2962 3918 3561 3996 Praestantissima
3631 3920 3740 3995 sui
3815 3920 4029 3995 seculi
4097 3917 4350 3993 lumina
4371 3976 4392 4004 ,

1222 4106 1225 4118 ,
1367 4031 1781 4107 Csarssms
1805 4089 1824 4118 ‚
1876 4022 2312 4122 lineamve,
2359 4033 2776 4111 Nawronus
2797 4092 2818 4125 ‚
2867 4036 3297 4113 Larsm‘rms
3344 4062 3484 4115 non
3529 4038 3772 4113 eodem
3821 4058 4142 4117 successu
4185 4038 4398 4136 gavisi

1364 4159 1529 4226 sunt
1600 4151 1673 4225 in
1749 4150 2077 4229 omnibus
2142 4151 2264 4240 iis,
2354 4178 2532 4251 quae
2600 4155 3138 4257 indagaverunt3
3215 4158 3546 4237 nonnulla
3609 4184 3696 4234 ex
3773 4178 4012 4235 eorum
4077 4158 4398 4256 operibus

1362 4294 1577 4369 paene
1648 4272 1788 4346 iam
1857 4270 2186 4348 oblivioni
2250 4281 2417 4347 sunt
2472 4276 2725 4351 tradita
2742 4308 2763 4365 ;
2831 4277 2956 4353 sed
3020 4302 3496 4376 quaecumque
3555 4286 3680 4353 aut
3734 4278 3808 4353 in
3865 4277 4206 4365 mathesi,
4277 4286 4396 4351 aut

1364 4416 1485 4488 per
1524 4392 1871 4467 mathesin
1915 4392 2365 4483 invenerunt,
2418 4403 2830 4495 supersunt,
2879 4397 3176 4473 necdum
3219 4396 3424 4473 hodie
3463 4396 3682 4497 pretio
3717 4420 3844 4473 suo
3887 4396 4394 4481 destituuntur,

1362 4510 1533 4607 quin
1572 4512 1826 4587 sensim
1868 4512 2091 4611 magis
2137 4513 2502 4613 magisque
2544 4514 2631 4589 de
2675 4538 2756 4589 eo
2797 4515 3127 4593 constit-it.
3199 4518 3746 4598 ‚Bzanounmus
3791 4540 3949 4591 vero
3983 4515 4181 4615 quasi
4221 4514 4392 4587 vitae

1366 4652 1532 4703 suae
1580 4630 2101 4709 tabernaculum
2146 4633 2502 4709 collocavit
2553 4634 2622 4709 in
2671 4634 2923 4711 eximia
2975 4634 3092 4714 illa
3147 4636 3507 4737 disciplina
3527 4696 3546 4724 ,
3597 4658 3775 4735 quae,
3829 4660 4210 4733 numquam
4255 4658 4386 4707 non

1364 4748 1707 4825 fructibus
1756 4749 1983 4825 beavit
2030 4753 2636 4831 excellentissimos
2682 4755 2864 4833 inter
2909 4757 3134 4856 ipsius
3177 4768 3509 4835 amantes.
3839 4842 3844 4847 ,

1456 4869 1607 4945 Nec
1666 4880 1895 4945 tamen
1960 4872 2027 4945 in
2102 4873 2243 4948 viro
2300 4878 2617 4975 egregio,
2685 4888 2766 4952 ut
2835 4902 3078 4955 sumus
3127 4879 3469 4969 homines,
3521 4878 3744 4953 defuit
3795 4880 3980 4975 quod
4025 4876 4386 4971 reprehen-
