4967 6217
1818 696 1876 762 o
1920 700 1977 763 n
2026 698 2079 762 A
2128 681 2375 763 r‘1-0.
3235 744 3242 753 .
3483 702 3610 768 215

588 908 1015 1008 argumentis
1061 906 1359 981 externis
1404 903 1581 979 nulli
1638 903 2057 979 dubitationi
2094 904 2322 979 locum
2377 901 2797 1000 relinquunt.
2903 904 3137 980 Quare
3191 911 3273 977 ut
3314 904 3611 1003 graviter

584 1025 1131 1127 reprehendendi
1207 1031 1371 1099 sunt
1385 1082 1405 1112 ,
1485 1022 1609 1121 qui
1692 1024 1839 1097 sine
1910 1028 2226 1098 accurata
2302 1021 2692 1119 cognitione
2761 1023 3094 1097 sermonis
3164 1030 3234 1097 et
3301 1046 3472 1099 usus
3536 1026 3610 1099 in

582 1162 1071 1244 quemcunque
1146 1143 1544 1242 scriptorem
1612 1142 1917 1215 involant
1975 1149 2045 1215 et
2108 1142 2290 1215 locos
2360 1166 2402 1215 a
2457 1165 2530 1215 se
2574 1166 2824 1239 parum
2866 1142 3247 1217 intellectos
3289 1151 3414 1218 aut
3457 1145 3605 1243 opi-

588 1264 915 1337 nionibus
982 1271 1053 1337 et
1113 1262 1520 1336 commentis
1574 1262 1719 1335 suis
1777 1261 2131 1336 obstantes
2192 1261 2558 1334 inutilibus
2617 1262 3024 1362 coniecturis
3075 1269 3386 1351 tentant,
3438 1289 3612 1362 quos

582 1384 774 1457 nulla
814 1382 1057 1481 religio
1094 1389 1357 1455 coercet
1400 1380 1772 1480 quominus
1817 1404 1898 1455 ea
1917 1438 1939 1467 ,
1990 1403 2167 1476 quae
2210 1402 2299 1451 ne
2338 1378 2470 1451 sibi
2512 1379 2796 1476 quidem
2841 1403 3002 1455 vera
3043 1381 3404 1457 videantur
3455 1383 3608 1457 aliis

585 1512 919 1601 tanquam
990 1526 1147 1576 vera
1223 1510 1295 1575 et
1365 1508 1551 1585 certa
1622 1500 2040 1588 obtrudant,
2118 1500 2221 1574 ita
2286 1523 2542 1598 magno
2616 1523 2820 1598 opere
2889 1500 3311 1575 admiramur
3373 1526 3614 1577 eorum

589 1623 855 1698 labores
882 1680 901 1709 ,
951 1622 1209 1720 quibus
1249 1621 1481 1695 critice
1526 1620 1737 1694 fuerit
1778 1619 1984 1695 multi
2026 1619 2477 1717 diuturnique
2525 1644 2693 1693 usus
2740 1620 2986 1695 ultima
3029 1621 3316 1697 soboles,
3417 1625 3615 1698 Tales

584 1744 867 1817 fuerunt
941 1741 1267 1839 Scaligeri
1289 1800 1309 1828 ,
1372 1740 1671 1814 Bentleii
1686 1798 1706 1828 ,
1769 1738 2243 1814 Valckenaerii
2263 1798 2284 1827 ,
2350 1739 2692 1837 paucique
2755 1739 2870 1813 alii
2889 1798 2906 1827 ,
2977 1764 3280 1845 quorum·
3329 1743 3620 1841 vestigia

586 1868 915 1960 premunt
984 1860 1395 1959 praestantis
1462 1859 1726 1959 ingenii
1792 1866 1865 1932 et
1925 1858 2275 1933 doctrinae
2332 1858 2698 1957 philologi,
2764 1859 2887 1954 qui
2959 1883 3098 1956 quo
3157 1860 3380 1958 magis
3443 1862 3617 1935 anti-

584 2004 885 2077 quorum
949 1979 1159 2052 libros
1224 1988 1497 2055 versant
1562 1986 1633 2051 et
1699 2000 2047 2052 summam
2105 2002 2269 2052 cum
2310 1978 2399 2051 iis
2448 1977 2986 2051 familiaritatem
3032 1978 3448 2052 contrahunt
3472 2038 3491 2065 ‚
3541 2006 3622 2053 eo

588 2100 839 2174 melius
876 2098 1280 2197 intelligunt
1326 2122 1545 2197 paene
1589 2099 1863 2172 nullum
1908 2098 2260 2195 integrum
2305 2096 2396 2169 ad
2444 2120 2574 2167 nos
2607 2094 2997 2191 pervenisse
3046 2120 3273 2193 neque
3313 2096 3386 2170 in
3431 2105 3627 2173 tanta

592 2220 980 2293 editionum
1027 2218 1222 2316 copia
1270 2242 1419 2291 esse
1468 2216 1922 2292 metuendum
1944 2272 1963 2302 ‚
2013 2240 2102 2288 ne
2150 2214 2326 2287 nihil
2371 2215 2445 2286 in
2495 2213 2623 2287 hac
2672 2221 2866 2312 parte
2907 2214 3259 2311 agendum
3305 2217 3622 2315 supersit.

686 2336 1037 2411 Historiae
1093 2344 1328 2410 autem
1382 2344 1455 2409 et
1496 2335 1931 2433 antiquitatis
1975 2320 2439 2432 cognitionem
2482 2332 2542 2405 si
2587 2331 2934 2431 philologo
2977 2334 3428 2409 necessariam
3475 2362 3624 2409 esse

590 2459 1059 2530 demonstrare
1118 2456 1351 2529 eiusve
1416 2455 1789 2528 utilitatem
1854 2452 2134 2526 lauda-re
2196 2452 2439 2525 vellem
2460 2510 2479 2539 ‚
2552 2451 2928 2525 verendum
2981 2460 3163 2527 esset
3183 2512 3202 2540 ,
3264 2478 3352 2529 ne
3401 2465 3626 2531 vestra

587 2575 921 2673 patientia
982 2575 1523 2670 intemperanter
1604 2571 1803 2646 abuti
1870 2571 2295 2645 existimarer
2358 2578 2568 2669 atque
2635 2572 2808 2645 adeo
2869 2595 2958 2645 ne
3013 2572 3292 2671 ineptus
3337 2574 3624 2651 viderer.
3736 2664 3740 2668 ἢ

594 2696 781 2767 Nam
846 2701 928 2765 ut
994 2715 1200 2765 nemo
1257 2693 1579 2790 antiquas
1636 2715 1746 2766 res
1814 2689 1991 2763 bene
2058 2690 2440 2789 intelligere
2504 2698 2577 2763 et
2629 2691 2966 2789 explicare
3007 2698 3236 2789 potest
3254 2752 3274 2780 ‚
3323 2694 3459 2768 nisi
3506 2699 3628 2794 qui

590 2814 1007 2886 documenta
1053 2810 1241 2884 illius
1292 2812 1443 2885 aevi
1486 2811 1839 2885 consulere
1892 2817 2101 2909 atque
2145 2834 2231 2885 ex
2279 2810 2449 2908 ipsis
2491 2810 2800 2885 fontibus
2847 2833 2972 2884 sua
3025 2811 3297 2886 haurire
3347 2813 3628 2903 didicit,

586 2934 689 3006 ita
760 2956 965 3005 nemo
1030 2930 1377 3029 insignem
1440 2931 1744 3005 fructum
1804 2930 1894 3003 ad
1954 2930 2136 3004 vitae
2184 2954 2355 3003 usus
2397 2955 2485 3003 ex
2530 2929 2820 3004 lectione
2863 2936 3175 3004 veterum
3221 2931 3630 3030 scriptorum

440 3070 447 3074 ’
588 3049 954 3149 percipiet,
1024 3048 1161 3122 nisi
1218 3050 1307 3123 ad
1360 3074 1513 3123 eam
1569 3050 1847 3123 accedet
1895 3047 2237 3146 probabili
2290 3048 2726 3146 antiquitatis
2774 3049 3165 3146 cognitione
3211 3050 3592 3127 instructus
3611 3112 3631 3141 ,

599 3195 809 3268 quam
882 3168 1249 3268 purgabit,
1321 3168 1635 3267 augebit,
1706 3153 2141 3242 confirmabit
2212 3166 2530 3265 diligenti
2599 3167 2976 3241 multorum
3040 3168 3488 3244 meditatione
3561 3181 3630 3245 et

598 3288 1127 3387 comparatione.
1243 3288 1406 3361 Non
1477 3288 1661 3361 enim
1737 3285 1947 3360 debet
2006 3285 2098 3373 is,
2164 3286 2287 3383 qui
2358 3310 2731 3384 germanus
2787 3284 3180 3386 philologus
3241 3296 3314 3361 et
3363 3312 3513 3364 esse
3559 3300 3630 3364 et

596 3406 837 3482 haberi
901 3406 1108 3493 velit,
1177 3406 1250 3480 in
1306 3406 1532 3480 verbis
1593 3406 1754 3481 solis
1814 3406 2089 3479 haerere
2109 3461 2128 3490 ,
2196 3424 2307 3478 res
2353 3405 2704 3503 negligere
2722 3465 2742 3493 ‚
2797 3406 2922 3479 sed
2969 3407 3193 3505 operis
3239 3409 3511 3507 antiqui
3561 3419 3632 3483 et
3735 3428 3745 3435 ·

590 3528 769 3600 form
777 3551 891 3600 am
942 3534 1013 3601 et
1070 3526 1561 3625 argumentum
1614 3532 1919 3623 spectare
1963 3523 2197 3621 itaque
2245 3522 2337 3598 ad
2383 3524 2886 3600 humanitatem
2930 3533 3002 3599 et
3047 3527 3137 3600 ad
3183 3528 3628 3625 prudentiam

590 3648 662 3719 in
726 3646 873 3719 dies
956 3644 1181 3742 magis
1239 3646 1517 3719 formari
1583 3644 1865 3742 suisque
1911 3638 2261 3716 laboribus
2302 3643 2471 3717 alios
2511 3667 2789 3742 quoque
2835 3626 3274 3720 humaniores
3326 3647 3626 3745 pruden-

585 3766 933 3861 tioresque
980 3764 1266 3837 efficere.
2252 3830 2262 3839 .

690 3885 891 3957 Iure,
922 3882 1170 3979 igitur.
1198 3890 1499 3957 statuere
1554 3881 1725 3956 mihi
1782 3881 2015 3955 videor
2072 3880 2382 3955 studium
2440 3880 2922 3978 grammatices
2941 3938 2961 3969 ,
3010 3882 3278 3957 critices
3326 3890 3399 3956 et
3443 3886 3619 3958 anti·

596 4002 881 4101 quitatis
948 4024 1170 4098 quum
1232 4024 1355 4097 per
1415 4026 1489 4073 se
1532 4001 1980 4075 utilissimum
2032 4024 2181 4073 esse
2204 4056 2225 4087 ,
2278 4008 2431 4073 tum
2476 3998 2682 4098 plane
2725 4000 3189 4075 necessarium
3236 4003 3328 4075 ad
3369 4002 3620 4077 intelli-

594 4120 861 4219 gendos
922 4119 1283 4218 scriptores
1350 4121 1648 4193 Graecos
1707 4128 1779 4194 et
1842 4121 2193 4194 Romanos
2214 4178 2233 4207 ‚
2296 4140 2528 4218 neque
2579 4118 2956 4195 admodum
3008 4145 3240 4195 vereor
3260 4178 3280 4208 ,
3329 4143 3418 4193 ne
3463 4122 3620 4218 quis

594 4240 789 4313 mihi.
832 4247 1167 4337 tanquam
1230 4239 1783 4338 compendariam
1833 4240 2012 4313 viam
2061 4239 2660 4338 interpretationes
2709 4238 3024 4326 obiiciat,
3073 4264 3252 4336 quae
3293 4240 3366 4311 in
3418 4240 3620 4313 variis

595 4356 1051 4433 recentiorum
1110 4356 1401 4455 linguis,
1462 4380 1635 4455 quas
1682 4356 1889 4455 vulgo
1934 4362 2273 4431 nostrates
2318 4356 2597 4431 discunt
2613 4386 2633 4445 ,·
2680 4358 3105 4456 prodierunt.
3205 4358 3388 4436 Quis
3431 4358 3619 4433 enim

594 4487 701 4551 est
720 4535 739 4563 ,
808 4476 933 4574 qui
992 4475 1447 4574 reprehendat
1486 4476 1779 4550 artifices
1798 4533 1817 4564 ,
1868 4476 1991 4574 qui
2028 4476 2195 4549 artis
2238 4500 2401 4551 suae
2446 4501 2656 4551 causa
2704 4476 2962 4552 multas
3005 4476 3319 4575 regiones
3362 4476 3616 4552 obeant

591 4605 665 4670 et
708 4598 781 4670 in
826 4594 1102 4669 Italiam
1144 4595 1662 4692 proficiscantur
1682 4654 1703 4683 ,
1751 4602 1833 4669 ut
1876 4595 2269 4695 Apollinem
2312 4596 2513 4671 illum
2559 4596 2704 4671 suis
2751 4596 2887 4695 ipsi
2934 4597 3150 4671 oculis
3197 4576 3618 4697 adspiciam,

592 4716 793 4791 cuius
855 4721 961 4788 tot
1020 4714 1333 4814 exempla
1400 4738 1781 4791 marmorea
1840 4716 1947 4789 vel
2012 4738 2099 4788 ex
2160 4715 2401 4814 argilla
2462 4716 2624 4791 ficta
2686 4716 3298 4808 circumferuntur,
3360 4727 3484 4794 aut
3541 4730 3622 4795 ut

595 4834 936 4932 praeclara
988 4832 1355 4932 pictorum
1429 4858 1635 4931 opera
1699 4834 2125 4909 admirentur
2189 4834 2289 4907 in·
2323 4828 2547 4933 iisque
2613 4836 3160 4934 contemplandis
3221 4846 3404 4915 totos
3477 4840 3622 4913 dies
