4967 6217
1862 722 2418 793 ORATIO.
3114 736 3120 743 “
3525 726 3655 793 217

722 926 1036 1004 Primum
1093 930 1351 1004 crimen
1414 934 1561 1015 est,
1610 929 1800 1025 quod
1846 929 2211 1028 scriptores
2270 930 2517 1005 Graeci
2564 938 2636 1005 et
2686 929 2986 1005 Romani
3029 937 3294 1004 remota
3337 936 3650 1027 tempora

626 1057 698 1123 et
769 1048 1025 1124 alienos
1084 1072 1311 1122 mores
1377 1046 1829 1144 depingentes
1896 1048 2071 1122 nulli
2129 1050 2331 1124 nobis
2395 1058 2519 1122 aut
2589 1049 2840 1149 exiguo
2909 1048 3068 1122 usui
3122 1054 3305 1122 sunt.
3403 1046 3648 1145 Longo

625 1175 930 1263 tempore
976 1172 1137 1239 ante
1176 1190 1303 1240 nos
1349 1164 1703 1252 vixerunt;
1756 1167 1879 1240 sed
1924 1167 2083 1264 quis
2122 1168 2296 1241 serio
2338 1167 2709 1242 contendat
2757 1193 2839 1242 ea
2881 1192 3060 1265 quae
3114 1167 3400 1264 antiqua
3443 1174 3608 1239 sunt
3625 1224 3646 1253 ,

622 1306 775 1358 esse
834 1284 1193 1381 antiquata
1264 1293 1335 1357 et
1392 1282 1700 1357 obsoleta
1718 1342 1739 1370 ‚
1808 1295 1931 1357 aut
1983 1286 2056 1357 in
2114 1284 2560 1382 scriptoribus
2617 1286 3062 1369 aestimandis
3122 1310 3274 1359 eam
3319 1284 3651 1382 temporis

574 1388 579 1391 ¹
622 1400 957 1475 rationem
1021 1426 1172 1474 esse
1224 1399 1615 1475 habendam
1635 1457 1655 1487 ,
1706 1408 1787 1473 ut
1826 1400 2164 1499 cuiusque
2194 1401 2502 1477 .virtutes
2545 1404 2672 1477 hac
2715 1403 2977 1477 trutina
3030 1402 3420 1500 pensandae
3463 1401 3650 1476 sint?

622 1520 875 1593 Nonne
938 1518 1107 1593 satis
1170 1542 1507 1619 magnum
1566 1518 2003 1595 intervallum
2068 1520 2258 1595 illam
2330 1528 2629 1595 aetatem
2681 1546 2724 1595 a
2789 1518 3184 1595 recentioris
3241 1521 3390 1595 aevi
3451 1519 3679 1595 initio·

626 1636 1025 1736 separabat,
1090 1637 1291 1712 cuius
1342 1646 1576 1711 tamen
1632 1635 2027 1714 humanitas
2072 1664 2159 1713 ex
2206 1639 2323 1713 illo
2378 1639 2816 1739 potissimum
2869 1638 3060 1714 fonte
3105 1638 3310 1712 fluxit
3327 1640 3362 1711 P
3423 1662 3656 1713 nonne

622 1756 939 1854 Europae
1002 1763 1247 1855 gentes
1267 1814 1287 1845 ,
1359 1756 1419 1830 si
1496 1756 1727 1831 medio
1788 1782 1955 1832 aevo
2027 1783 2167 1832 non
2236 1760 2439 1857 plane
2504 1758 2809 1833 tenebris
2883 1757 3172 1832 obrutae
3243 1765 3408 1831 sunt
3426 1814 3448 1845 ,
3528 1756 3658 1831 hoc

622 1896 947 1973 magnam
1006 1882 1277 1972 partem
1337 1875 1730 1949 debuerunt
1794 1877 1903 1950 his
1944 1876 2157 1951 literis
2170 1935 2190 1966 ‚
2241 1902 2420 1976 quae
2462 1901 2822 1975 nunquam
2868 1877 3149 1976 penitus
3193 1876 3656 1950 interierunt?

620 2011 851 2066 nonne
915 1994 1185 2068 saeculo
1232 1992 1413 2067 XIV
1452 2002 1523 2068 et
1571 1992 1712 2067 XV
1766 1996 1892 2069 viri
1932 1995 2119 2070 docti
2163 2003 2430 2071 tantam
2470 1996 2582 2071 his
2631 1996 2880 2070 studiis
2921 1996 3374 2069 conciliarunt
3418 2000 3656 2069 aucto-

620 2112 897 2187 ritatem
917 2168 937 2199 ‚
1008 2119 1089 2186 ut
1150 2113 1299 2187 sine
1356 2113 1443 2186 iis
1501 2113 1593 2188 ad
1654 2114 1918 2190 nullam
1975 2115 2049 2188 in
2116 2116 2346 2212 aliqua
2398 2122 2546 2189 arte
2606 2114 2716 2186 vel
2757 2113 3118 2211 disciplina
3163 2111 3659 2210 praestantiam

620 2230 959 2329 perveniri
994 2231 1340 2328 potuerit?
1440 2231 1517 2304 Si
1554 2232 1713 2331 quis
1758 2240 1995 2305 autem
2036 2240 2239 2329 putat
2276 2256 2431 2306 eam
2468 2256 2618 2305 esse
2655 2230 3108 2304 humanitatis
3147 2230 3618 2304 conditionem
3631 2289 3654 2319 ,

620 2357 707 2422 ut
770 2349 901 2423 hoc
970 2350 1225 2423 auxilio
1288 2350 1485 2423 facile
1546 2373 1735 2424 nunc
1781 2374 2136 2423 careamus
2154 2407 2174 2437 ,
2222 2349 2545 2447 cupidius
2586 2374 2742 2423 eam
2781 2350 3062 2423 laudare
3113 2349 3388 2423 videtur
3438 2356 3649 2447 atque

620 2465 1049 2541 imminentis
1088 2466 1444 2541 barbariae
1486 2474 1754 2541 metum
1788 2468 2064 2566 longius
2083 2526 2103 2556 ,
2138 2492 2349 2566 quam
2386 2468 2545 2543 licet
2587 2476 2658 2543 et
2685 2454 2998 2567 tempora
3035 2468 3318 2557 sinunt,
3361 2468 3658 2544 reiicere.

618 2584 829 2661 Absit
894 2610 937 2659 a
1005 2610 1154 2672 me,
1220 2592 1305 2657 ut
1372 2590 1663 2659 terrores
1722 2587 2133 2662 denunciem
2177 2587 2792 2686 gravissimamque
2841 2612 3076 2662 rerum
3129 2589 3445 2663 omnium
3489 2611 3662 2664 con·

619 2702 1002 2777 versionem
1060 2703 1529 2803 praesagiam;
1602 2704 1727 2777 sed
1780 2710 2013 2778 tamen
2032 2762 2053 2792 ,
2104 2727 2325 2803 quum
2372 2728 2601 2803 nuper·
2641 2706 2716 2779 in
2773 2706 3146 2782 Germania
3199 2731 3423 2781 essem
3437 2764 3457 2795 ‚
3507 2732 3665 2782 eam

618 2822 910 2920 cognovi
950 2820 1339 2896 animorum
1368 2822 1891 2898 concitationem
1906 2883 1927 2912 ,
1964 2831 2044 2898 ut
2074 2848 2406 2923 quorsum
2437 2849 2534 2919 ea⁸
2559 2832 2891 2922 eruptura
2930 2833 3196 2913 essent,
3231 2826 3659 2901 timeremus.

620 2940 911 3015 Utinam
978 2964 1337 3040 nunquam
1402 2943 1569 3017 talia
1623 2949 1932 3042 tempora
1982 2945 2307 3031 redeant,
2376 2950 2459 3017 ut
2509 2968 2597 3017 ex
2641 2944 3076 3042 antiquitatis
3131 2944 3364 3018 studio
3409 2967 3666 3019 novam

618 3060 843 3133 lucem
906 3061 1163 3159 posteri
1228 3070 1461 3159 petere
1534 3060 1835 3134 debeant
1852 3119 1873 3149 ,
1948 3062 2071 3135 sed
2085 3118 2107 3149 ,
2178 3061 2517 3159 quamdiu
2569 3062 2794 3135 omnis
2859 3062 3028 3137 haec
3084 3062 3474 3137 sollicitudo
3525 3087 3667 3138 non

621 3178 753 3251 erit
819 3178 1091 3252 sublata
1114 3237 1133 3265 ,
1208 3179 1569 3277 prudentis
1643 3205 1793 3254 esse
1861 3180 2106 3279 opin'or
2168 3204 2251 3255 ea
2326 3180 2560 3253 studia
2633 3181 2962 3267 retinere,
3039 3206 3220 3279 quae
3298 3180 3673 3277 nunquam‘

620 3298 909 3396 impune
950 3298 1279 3395 neglecta
1326 3322 1477 3371 esse
1538 3298 1823 3373 historia
1884 3299 2103 3373 docet.
2226 3298 2323 3372 Et
2384 3298 2696 3372 dicemus
2745 3322 2969 3372 mores
3015 3299 3291 3373 illarum
3343 3298 3676 3397 gentium‘

623 3442 667 3492 a
738 3416 990 3491 nostris
1060 3440 1209 3491 esse
1284 3417 1590 3492 alienos?
1654 3440 1796 3491 non
1866 3424 1973 3491 est
2038 3418 2139 3491 ita
2154 3474 2176 3505 ,
2244 3440 2384 3490 non
2445 3422 2574 3491 est.
2691 3417 3116 3492 Humanitas
3182 3418 3664 3495 Romanorum

624 3560 953 3639 magnam
998 3544 1267 3634 partem
1307 3536 1567 3636 pendet
1604 3562 1648 3611 a
1694 3538 1956 3611 Graeca
1974 3595 1994 3624 ‚
2042 3543 2314 3611 nostrae
2356 3560 2612 3635 magna
2649 3560 2812 3635 pars
2857 3562 2900 3611 a
2938 3538 3278 3612 Romana.
3381 3536 3666 3636 Ubique

600 3663 794 3729 'sunt
860 3656 1339 3729 Romanorum
1399 3638 1687 3755 vestigia
1748 3655 1825 3729 in
1888 3654 2162 3754 legibus
2184 3714 2203 3744 ‚
2268 3654 2344 3729 in
2406 3655 2747 3729 institutis
2810 3654 3110 3753 publicis
3133 3714 3153 3743 ‚
3201 3654 3278 3729 in
3321 3654 3538 3729 literis
3587 3664 3660 3730 et

622 3774 990 3847 innumera
1003 3830 1023 3861 ‚
1095 3799 1274 3871 quae
1349 3774 1649 3849 recentia
1711 3773 2055 3855 habentur
2069 3832 2089 3862 ,
2158 3773 2233 3847 in
2296 3774 2438 3848 vita
2507 3772 2773 3871 privata
2837 3774 3046 3848 etiam
3111 3798 3199 3848 ex
3242 3772 3660 3873 antiquitate

623 3892 917 3991 repetita
960 3900 1143 3966 sunt.
1244 3894 1473 3967 Nemo
1522 3892 1706 3967 dicet
1748 3893 2119 3967 Britannos
2156 3918 2229 3967 se
2280 3917 2544 3991 suaque
2587 3917 2834 3990 parum
2878 3892 3204 3967 admirari
3243 3902 3368 3968 aut
3413 3894 3656 3969 alienis

626 4010 936 4085 moribus
981 4010 1275 4084 nimium
1323 3998 1645 4085 delectari
1661 4068 1681 4099 ‚
1732 4020 1803 4084 et
1846 4018 2079 4086 tamen
2120 4018 2389 4087 constat
2424 4012 2616 4110 apud
2655 4012 2847 4086 illam
2887 4020 3170 4110 gentem
3211 4013 3422 4087 moris
3461 4037 3612 4088 esse
3627 4070 3649 4100 ,

629 4138 713 4203 ut
755 4128 1227 4204 nobilissimus
1276 4130 1571 4227 quisque
1616 4130 1921 4227 antiquis
1960 4131 2175 4205 literis
2215 4131 2586 4230 plurimam
2631 4139 2911 4229 operam
2955 4132 3109 4219 det,
3159 4138 3370 4229 atque
3413 4132 3488 4204 in
3531 4131 3618 4205 iis
3632 4188 3654 4219 ,

632 4248 755 4348 qui
798 4248 977 4323 tanti
1009 4247 1283 4348 imperii
1314 4246 1589 4323 clavum
1622 4254 1963 4336 tenerent,
2010 4251 2243 4348 plures
2276 4274 2545 4348 semper
2587 4248 2835 4338 fuisse,
2885 4251 3010 4348 qui
3045 4256 3354 4323 veterum
3401 4249 3660 4349 scripta

630 4367 719 4477 in·
770 4392 1015 4442 sucum
1080 4375 1151 4441 et
1216 4369 1625 4467 sanguinem
1688 4368 2200 4443 convertissent.
2317 4368 2515 4447 Quid
2565 4370 2844 4444 autem?
2908 4375 3103 4442 estne
3152 4367 3610 4443 metuendum
3633 4424 3656 4456 ‚

634 4510 725 4561 ne
792 4486 1105 4561 homines
1169 4488 1277 4561 his
1350 4488 1565 4562 literis
1625 4486 1944 4562 delectati
2016 4488 2319 4587 patrium
2408 4510 2794 4563 sermonem
2874 4486 3192 4561 deserant
3263 4492 3336 4559 et
3405 4484 3658 4561 Latine

638 4604 933 4679 scribere
978 4628 1189 4702 quam
1240 4606 1599 4680 vernacule
1645 4607 1893 4681 melius
1928 4608 2237 4705 queant?
2330 4608 2431 4681 At
2489 4608 2746 4683 scimus
2790 4629 3030 4679 omnes
3077 4605 3219 4679 fere
3268 4604 3392 4704 qui
3432 4605 3665 4681 literas

636 4722 891 4821 patrias
960 4724 1068 4796 vel
1132 4724 1323 4821 apud
1382 4730 1723 4799 nostrates
1786 4726 1895 4799 vel
1956 4750 2043 4824 ap
2052 4724 2143 4799 ud
2204 4732 2471 4799 exteros
2535 4732 3058 4824 promoverunt,
3097 4716 3216 4799 'ex
3279 4724 3412 4800 hoc
3469 4724 3663 4800 fonte

640 4841 951 4917 hausisse
1016 4848 1089 4915 et
1152 4842 1243 4917 ad
1300 4841 1603 4919 nominis
1659 4842 1915 4919 famam
1972 4842 2401 4942 pervenisse·
2482 4843 2801 4942 Cogitate
2857 4843 3302 4943 Lessingium
3321 4901 3342 4933 ,
3411 4844 3537 4943 qui
3589 4843 3663 4925 in

3184 4965 3276 5038 28
