4967 6217
1410 698 1497 762 84
2354 692 2734 757 SERIES
2833 689 3483 757 LECTIONUM.

2066 998 2077 1009 ’
2222 995 2331 1067 ΙΝ
2378 994 2942 1069 FACULTATE
2988 992 3636 1069 THEOLOGICA.

1506 1257 2086 1353 Encyclopaediae
2132 1254 2538 1353 theoloyicae
2597 1253 3060 1327 conditionem
3115 1251 3518 1353 hodiernam
3574 1274 3734 1325 cum
3793 1249 4180 1347 antiquiore
4237 1274 4422 1324 com-

1414 1373 1682 1472 parabit
1729 1374 1827 1448 H.
1879 1375 2235 1461 BomuAN,
2286 1372 2534 1446 diebus
2581 1373 2860 1461 martia,
2907 1372 3070 1445 hora
3119 1371 3253 1445 IX.

1505 1494 1988 1589 Philosophiae
2050 1495 2135 1567 de
2192 1493 2345 1565 Deo
2367 1549 2385 1579 ‚
2454 1490 2594 1565 sive
2661 1493 3057 1590 Theoquiae
3113 1492 3479 1564 Naturalis
3499 1546 3519 1576 ,
3589 1490 3938 1562 historiam
3985 1491 4428 1587 antiquiorem

1412 1610 1717 1685 narrabit
1765 1611 1860 1685 H.
1909 1611 2269 1697 Bonum,
2318 1609 2568 1683 diebus
2612 1610 2783 1684 iovis
2831 1618 2902 1683 et
2947 1609 3246 1697 veneria,
3293 1608 3462 1681 hora
3512 1607 3642 1682 IX.

1509 1729 2095 1803 Hermeneuticam
2137 1754 2399 1802 sacram
2437 1728 2664 1802 tradet
2710 1728 2806 1802 H.
2853 1729 3214 1814 Bonum,
3263 1726 3510 1800 diebus
3555 1726 3794 1810 lunae,
3844 1723 4010 1797 hora
4052 1723 4187 1797 IX.

1531 1848 1802 1921 Veteris
1834 1848 2243 1922 Testamenti
2277 1849 2594 1921 Carmina
2621 1872 2821 1923 saera
2859 1871 2938 1921 ac
2975 1848 3050 1919 V
3039 1849 3324 1921 atieinia
3357 1842 3920 1944 interpretabitur
3949 1842 4047 1916 H.
4075 1842 4425 1928 Bonum,

1416 1965 1662 2038 diebus
1711 1965 1883 2039 iovis
1932 1973 2003 2039 et
2048 1966 2347 2053 veneriS,
2395 1964 2560 2038 hora
2610 1963 2705 2039 X.

1512 2086 1874 2183 Epistolae
1946 2088 2046 2159 ad
2118 2087 2459 2158 Romanos
2528 2090 2796 2181 partem
2867 2084 3178 2156 moralem
3192 2139 3212 2169 ,
3284 2081 3456 2155 item
3521 2081 3902 2177 Epistolam
3970 2080 4068 2152 ad
4147 2080 4429 2151 Galatas

1426 2202 1795 2301 explicabit
1839 2203 1938 2276 H.
1988 2204 2349 2291 BouMAN,
2400 2201 2647 2274 diebus
2693 2201 2900 2273 lunae
2947 2210 3017 2273 et
3063 2198 3336 2287 martia,
3384 2200 3549 2273 hora
3599 2197 3690 2270 X.

1512 2322 1902 2395 Historiam
1958 2324 2315 2395 Ecclesiae
2394 2321 2825 2393 Christianae
2846 2321 3232 2418 {antiquam
3296 2326 3368 2392 et
3413 2319 3696 2391 mediam
3717 2373 3736 2401 ,
3803 2315 3980 2389 duce
4041 2316 4428 2413 Compendio

1418 2465 1542 2513 suo
1604 2440 1796 2515 Hist.
1855 2443 2046 2515 Eecl.
2116 2440 2271 2514 Vol.
2318 2439 2378 2513 I.
2450 2437 2659 2529 (Trai.
2713 2441 2975 2527 1840),
3045 2436 3390 2510 enarrabit
3450 2436 3548 2511 H.
3588 2435 3648 2509 Ι.
3692 2433 4134 2521 Romanoa,
4187 2433 4428 2507 diebus

1419 2558 1623 2632 lunae
1673 2566 1745 2631 et
1791 2558 2070 2646 martia,
2120 2559 2285 2632 hora
2335 2557 2528 2644 XII,
2579 2562 2648 2629 et
2693 2554 3051 2643 mercurii,
3099 2554 3266 2628 hora
3313 2556 3414 2629 II.

1510 2676 1893 2749 Historiam
1964 2677 2361 2775 qheoloffliae
2418 2676 2964 2749 Nederlandicae
2985 2732 3006 2761 ,
3053 2676 3368 2771 inprimis
3420 2674 3780 2747 recentiori
3834 2680 4157 2769 tempore,
4205 2671 4426 2747 tradet

1416 2778 1539 2867 Η.’
1565 2794 1625 2867 Ι.
1677 2794 2127 2882 Romanum
2171 2793 2417 2867 diebus
2462 2793 2670 2881 iovis,
2719 2793 2884 2867 hora
2931 2792 2991 2867 Ῑ.

1515 2912 1935 3011 Theoloyiam
1999 2914 2433 3011 doymaticam
2497 2912 2722 2986 tradet
2778 2912 2876 2987 H.
2933 2912 3016 2987 E.
3067 2910 3314 2985 Vnum
3332 2968 3352 2999 ,
3423 2909 3670 2985 diebus
3740 2911 3946 2985 lunae
3965 2969 3985 2997 ‚
4055 2910 4294 2985 martis
4361 2916 4431 2983 et

1418 3030 1627 3118 invia,
1674 3029 1841 3103 hora
1892 3028 2040 3117 XI,
2089 3037 2159 3103 et
2208 3029 2319 3102 die
2368 3030 2724 3118 mercurii,
2771 3030 2940 3103 hora
2985 3029 3158 3105 XII.

1508 3148 2097 3223 collocutionibus
2160 3151 2245 3223 de
2316 3150 2674 3248 Theoloyia
2723 3150 3090 3245 populari,
3159 3173 3322 3223 cum
3387 3148 3969 3223 commilitonibus
4043 3146 4380 3221 habendis
4401 3205 4422 3234 ,

1416 3266 1683 3341 vacabit
1731 3267 1827 3341 H.
1880 3268 1962 3341 E.
2014 3266 2298 3354 men,
2350 3266 2597 3342 diebus
2644 3266 2815 3339 iovis
2863 3274 2934 3341 et
2979 3266 3277 3355 veneris,
3324 3266 3490 3340 hora
3539 3268 3640 3342 II.

1462 3476 1470 3481 ⁵
1510 3388 1831 3460 Ethicam
1895 3384 2347 3460 Christianam
2408 3384 2683 3461 docebit
2733 3385 2830 3459 H.
2881 3387 2940 3461 Ι.
2993 3386 3398 3461 Ronanus
3421 3442 3442 3473 ‚
3492 3385 3738 3460 diebus
3785 3386 4012 3472 lunae,
4061 3382 4301 3458 martis
4351 3390 4423 3455 et

1407 3504 1765 3593 mercurii,
1810 3504 1976 3578 hora
2024 3507 2085 3583 Ι.
2797 3493 2802 3512 '

1514 3623 1940 3719 Repetitorio
1984 3624 2071 3695 de
2104 3626 2361 3697 Ethiea
2410 3626 2800 3699 Chnistiana
2817 3682 2838 3713 ,
2887 3650 3048 3700 cum
3087 3624 3498 3723 Theologiae
3532 3624 3936 3699 Candidatis
3967 3621 4390 3697 instituendo
4403 3678 4424 3708 ,

1426 3739 1696 3812 vacabit
1741 3739 1839 3813 H.
1891 3741 1951 3814 I.
2004 3741 2446 3830 Ronanus,
2497 3742 2743 3816 diebus
2786 3743 3000 3830 iovis,
3048 3744 3214 3817 hora
3260 3744 3432 3819 XII.
3487 3724 3498 3761 ⁸

1529 3858 1948 3958 Theoquiam
2003 3862 2425 3957 pastoralem
2483 3860 2712 3934 tradet
2776 3861 2873 3937 H.
2939 3862 3022 3936 E.
3089 3861 3336 3936 men
3359 3920 3376 3949 ‚
3457 3860 3702 3936 diebus
3765 3860 4006 3935 martis
4023 3916 4044 3947 ‚
4121 3859 4290 3933 iovis
4357 3868 4422 3932 et

1415 3975 1713 4064 veneris,
1761 3975 1927 4049 hora
1973 3977 2179 4053 VIII.

1522 4094 1897 4168 Puerorum
1926 4094 2271 4171 doctrinae
2296 4096 2722 4173 Christianae
2751 4097 2966 4173 initiis
2995 4104 3497 4175 erudiendorum
3525 4099 4080 4176 exercitationem
4112 4096 4425 4171 instituet

1414 4214 1512 4287 H.
1566 4214 1649 4287 E.
1700 4210 1988 4301 men,
2038 4214 2149 4287 die
2196 4215 2499 4303 veneris,
2545 4216 2713 4290 hora
2761 4218 2895 4294 XI.
3207 4206 3216 4215 ¹

1516 4331 2153 4421 Commilitonibus,
2178 4336 2516 4409 orationes
2533 4360 2768 4409 sacras
2787 4336 3204 4411 habentibus
3219 4396 3238 4425 ‚
3267 4338 3614 4437 praesides
3637 4338 3929 4411 aderunt
3949 4336 4046 4411 H.
4070 4336 4387 4411 Bonum
4400 4393 4420 4423 ‚

1418 4450 1514 4524 H.
1568 4451 1627 4524 I.
1670 4451 2073 4525 Ronanus
2140 4458 2227 4547 et
2274 4450 2373 4524 Η.
2417 4453 2501 4527 Ε.
2555 4452 2837 4541 Vnum,
2904 4454 3150 4529 diebus
3201 4464 3270 4529 et
3315 4455 3537 4543 hol-ia,
3603 4462 3754 4530 tum
3815 4454 3986 4543 sibi,
4035 4462 4191 4531 tum
4238 4480 4420 4529 com-

1408 4566 1836 4642 militonibus
1880 4570 2183 4644 maxime
2226 4569 2625 4647 commodi&

1518 4684 1827 4759 Publicis
1890 4690 2279 4785 disputandi
2344 4690 2944 4765 exercitationibus
2993 4699 3360 4789 praeerunt
3409 4692 3792 4767 alternatim
3819 4750 3838 4781 ,
3905 4694 4016 4766 die
4065 4692 4421 4780 mercurii,

1414 4805 1577 4877 hora
1627 4805 1707 4896 1,
1756 4803 1854 4878 H.
1904 4806 2257 4897 Bonum,
2307 4808 2404 4885 H.
2454 4810 2515 4884 Ι.
2565 4808 2968 4887 Ronanus
3018 4820 3089 4886 et
3135 4812 3230 4888 H.
3281 4814 3364 4889 E.
3409 4810 3680 4889 mea.
