4967 6217
1694 702 2345 803 ‘ORAT10.
3021 666 3036 683 ’
3501 710 3581 775 w

556 907 949 1003 valetudine
1019 908 1485 995 conflictatur,
1554 932 1681 985 nec
1746 917 1979 985 tamen
1997 969 2018 999 ‚
2088 917 2194 985 est
2264 910 2417 983 Deo
2488 910 2746 1008 gratia!
2819 910 3196 1012 periculose
3261 902 3588 1011 aegrotat.

554 1029 931 1127 Speramus
974 1028 1155 1115 fore,
1205 1036 1286 1101 ut
1332 1026 1636 1126 optimus
1696 1028 1813 1102 ille
1862 1030 1965 1103 vir
1983 1088 2003 1116 ‚
2052 1053 2327 1103 summa
2382 1029 2824 1118 assiduitate,
2873 1030 3174 1105 maxima
3242 1031 3588 1106 doctrinae

548 1147 748 1246 copia
798 1147 1247 1245 conspicuus,
1297 1146 1499 1244 cujus
1546 1153 1693 1220 tota
1740 1148 1882 1220 vita
1931 1147 2004 1219 in
2052 1148 2261 1221 rebus
2306 1149 2612 1222 honestis
2657 1146 3014 1247 perspecta
3080 1158 3220 1237 est,
3273 1151 3465 1225 brevi
3513 1152 3584 1225 iu

552 1268 917 1341 sanitatem
964 1268 1406 1352 restituatur,
1455 1265 1737 1363 suisque
1788 1264 2166 1362 disciplinis
2216 1275 2618 1340 ornamento
2667 1268 2757 1341 sit
2809 1277 3017 1365 atque
3067 1269 3430 1368 praesidio,

648 1386 809 1461 Tibi
870 1386 1207 1483 imprimis
1270 1384 1737 1483 gratulamur,
1808 1380 2201 1454 Clarissima
2259 1381 2656 1455 SUERMAN!
2726 1384 3131 1457 venerabilis
3199 1386 3587 1482 professorii

548 1505 810 1580 ordinis
854 1508 1147 1591 Nestor,
1196 1504 1344 1591 cui,
1411 1502 1569 1577 licet
1629 1501 1837 1574 morti
1901 1500 2165 1574 vicinus
2235 1499 2485 1588 fueris,
2557 1502 2950 1576 restitutam
3015 1527 3162 1575 esse
3219 1505 3582 1579 sanitatem

548 1650 787 1700 omnes
853 1624 1258 1722 gaudemus,
1362 1620 1767 1707 Studiorum
1818 1645 2063 1694 causae
2084 1679 2103 1707 ‚
2172 1620 2690 1718 aegrotantibus
2709 1678 2729 1709 ,
2799 1621 3058 1721 patriae
3115 1630 3424 1697 servatus
3483 1649 3577 1699 es,

546 1744 691 1818 Diu
734 1744 958 1818 adhuc
1006 1742 1207 1816 nobis
1256 1750 1601 1841 superstes
1645 1747 1793 1815 esto
1842 1740 2205 1814 consilium
2250 1748 2460 1837 atque
2505 1741 2681 1815 ratio
2699 1800 2718 1829 ,
2769 1742 3138 1815 auctoritas
3187 1750 3256 1816 et
3306 1751 3578 1818 senten-

543 1862 680 1950 tia,
730 1861 987 1962 quibus
1034 1886 1157 1960 per
1210 1869 1477 1935 tantam
1524 1884 1863 1934 annorum
1916 1860 2163 1933 seriem
2208 1859 2411 1934 nobis
2470 1860 2825 1959 profuisti,
2875 1868 3134 1958 tuaque
3185 1870 3538 1937 senectute
3561 1922 3579 1947 ,

542 2006 721 2079 quae
760 2006 815 2071 ⁸a
860 1980 1071 2055 rebus
1124 1980 1444 2080 gerendis
1490 1988 1561 2053 te
1607 2005 1745 2053 non
1798 1979 2175 2066 abstrahit,
2226 1987 2536 2067 senatus⁸
2558 1986 2794 2053 noster
2837 1980 3166 2053 illustrari
3215 1988 3476 2079 pergat.

638 2101 739 2175 'I'e
807 2125 1125 2199 quoque,
1195 2098 1589 2174 Clarissime
1654 2100 2049 2171 Sonafinmz
2110 2121 2259 2171 vAN
2324 2122 2473 2171 nna
2539 2096 2798 2175 Konk!
2872 2099 3152 2198 optimis
3229 2100 3578 2175 ominibus

540 2220 1055 2321 prosequimur,
1126 2220 1249 2318 qui
1317 2219 1643 2317 quintum
1694 2218 1999 2291 muneris
2049 2215 2155 2291 tui
2200 2217 2502 2291 lustrum
2553 2224 2714 2292 ante
2779 2218 2904 2291 has
2975 2219 3238 2315 aliquot
3307 2218 3576 2293 dierum

539 2338 1007 2413 hebdomades
1057 2337 1435 2413 celebrasti.
1536 2339 1782 2411 Meum
1826 2361 1967 2411 non
2010 2344 2117 2411 est
2156 2361 2467 2411 enarrare
2489 2394 2508 2424 ,
2557 2335 2731 2434 quid
2770 2336 2903 2409 tibi
2945 2336 3246 2410 debeant
3285 2338 3578 2411 studiosi

531 2458 817 2556 juvenes
838 2516 857 2546 ‚
910 2458 1167 2557 quibus
1216 2482 1543 2555 magnam
1596 2456 1946 2531 doctrinae
2006 2464 2167 2529 tuae
2228 2454 2498 2552 copiam
2551 2454 2887 2542 effundis,
2956 2455 3128 2552 quid
3191 2458 3537 2533 anatomia
3559 2518 3576 2543 ‚

518 2562 1000 2676 physiologia,
1049 2576 1501 2676 psychiatria}
1555 2577 1813 2674 quibus
1854 2584 2009 2648 tum
2054 2600 2192 2647 usu
2235 2582 2387 2647 tum
2430 2573 2693 2647 ratione
2737 2574 2838 2647 ita
2875 2573 3226 2671 profuisti,
3277 2584 3362 2649 ut
3399 2602 3576 2651 nova

536 2704 771 2772 mente
822 2706 1181 2795 captorum
1233 2719 1399 2769 cura
1456 2703 1667 2793 atque
1715 2693 2018 2768 conditio
2070 2718 2112 2767 a
2170 2700 2242 2766 te
2308 2691 2646 2790 originem
2697 2693 2946 2779 ducat,
2997 2700 3079 2765 tu
3136 2701 3372 2770 autem
3427 2698 3574 2795 ipse

531 2815 914 2914 principem
966 2839 1106 2889 non
1156 2822 1433 2888 tantum
1495 2815 1569 2886 in
1631 2814 1857 2912 patria
1922 2820 2156 2887 nostra
2220 2812 2446 2885 locum
2503 2835 2797 2909 occupes
2867 2812 2989 2885 sed
3053 2814 3244 2910 apud
3309 2822 3576 2889 exteros

534 2958 811 3033 quoque
878 2934 1068 3007 omni
1138 2934 1343 3007 laude
1411 2934 1675 3006 floreas
1774 2930 2111 3017 Maneant
2189 2931 2319 3003 tibi
2395 2931 2680 3005 eaedem
2755 2930 2932 3003 vires
2955 2988 2976 3019 ,
3051 2931 3241 3005 idem
3312 2934 3575 3032 ingenii

532 3054 760 3151 vigor,
810 3053 1052 3127 eadem
1108 3052 1322 3126 animi
1376 3052 1631 3149 pietaS,
1684 3076 1823 3148 qua
1890 3051 2217 3127 humano,
2260 3050 2498 3149 generi
2565 3044 2920 3125 consulere
2985 3074 3374 3149 numquam
3432 3079 3572 3129 non

531 3168 894 3257 studuisti,
947 3176 1209 3267 tuoque
1258 3169 1571 3265 exemplo
1610 3168 1917 3265 juniores
1960 3168 2078 3242 alii
2118 3169 2600 3267 impellantur,
2653 3178 2732 3243 ut
2781 3195 2868 3243 ex
2910 3170 3052 3243 tuis
3097 3170 3316 3268 ipsius
3357 3174 3566 3261 voti8‚

524 3298 651 3365 tua
689 3287 979 3387 vestigia
1020 3296 1443 3386 prementes,
1489 3288 2005 3387 disciplinarum
2032 3296 2314 3365 tuarum
2350 3290 2525 3363 fines
2553 3290 2776 3387 magis
2807 3290 3168 3388 magisque
3189 3288 3563 3387 proferant.

622 3410 737 3483 Τιι
782 3407 1033 3493 etiam,
1082 3406 1473 3481 Clarissime
1510 3408 1916 3481 Vrsscrma!
1968 3408 2213 3481 eodem
2250 3406 2391 3481 fere
2426 3415 2734 3506 tempore
2767 3409 3270 3484 reminiscendo
3310 3411 3566 3485 festum

524 3528 725 3602 illum
768 3527 955 3601 diem
996 3526 1418 3625 recognosti,
1468 3548 1607 3623 quo
1647 3532 1807 3598 ante
1846 3550 1973 3599 nos
2012 3526 2259 3623 viginti
2297 3534 2366 3600 et
2403 3526 2712 3624 quinque
2749 3551 2966 3601 annos
2999 3529 3260 3626 patriae
3301 3530 3564 3607 litteras

526 3655 599 3720 et
641 3645 1007 3721 historiam*
1041 3644 1317 3743 publica
1362 3644 1766 3718 auctoritate
1810 3644 2077 3717 tradere
2124 3645 2424 3743 coepisti.
2524 3646 2741 3721 Laeta
2779 3646 2910 3721 tibi
2939 3646 3090 3721 ⁸fuit
3131 3648 3298 3723 haec
3343 3676 3562 3725 recor-

527 3764 715 3839 datio
732 3798 751 3853 ;
804 3765 979 3863 quid
1014 3764 1233 3851 enim,
1282 3760 1409 3837 ubi
1445 3764 1793 3862 praeteriti
1827 3764 2153 3861 temporis
2195 3765 2496 3863 spatium
2533 3763 2974 3863 respicimuS,
3024 3768 3270 3865 majori
3309 3770 3566 3867 gaudio

525 3908 652 3958 nos
692 3886 972 3971 afficiat,
1022 3909 1233 3982 quam
1274 3890 1435 3959 ante
1474 3874 1829 3983 partorum
1870 3884 2213 3957 bonorum
2249 3884 2581 3961 memoria
2619 3893 2828 3983 atque
2868 3886 3096 3983 copia,
3145 3886 3526 3963 industriae
3543 3950 3560 3975 ‚

526 4003 777 4079 laboris
795 4062 815 4091 ‚
888 4004 1336 4103 impigritatis
1406 4003 1862 4077 conscientia?
1958 4002 2053 4075 Et
2132 4008 2213 4075 tu
2284 4002 2572 4099 quidem
2642 4004 3020 4079 erudiendo
3091 4030 3174 4079 ac
3253 4007 3562 4081 docendo

520 4122 957 4218 juventutem
1020 4144 1421 4221 numquam.
1470 4120 1666 4193 fuisti
1726 4126 2123 4207 contentus3
2198 4128 2391 4194 extra
2454 4120 2838 4197 scholarum
2890 4124 3066 4198 fines
3129 4125 3340 4199 etiam
3375 4136 3557 4201 'tum

526 4263 689 4313 voce
738 4246 897 4313 tum
946 4239 1215 4337 scriptis
1254 4238 1432 4314 illud
1484 4264 1753 4338 semper
1794 4238 2045 4337 egisti,
2087 4246 2168 4313 ut
2230 4240 2518 4338 antiqua
2583 4267 2750 4316 suae
2815 4244 3044 4341 gentis
3107 4254 3558 4319 monumenta

527 4360 913 4433 evolverent
976 4359 1340 4457 populares
1400 4359 1649 4448 nostri,
1700 4366 1805 4447 et,
1854 4366 1936 4433 ut
1984 4366 2257 4434 nostrae
2320 4361 2566 4435 aetatis
2626 4363 2875 4438 rationi
2924 4362 3170 4437 servire
3235 4373 3554 4461 possent,

526 4477 698 4575 quid
748 4504 791 4552 a
851 4477 1227 4576 majoribus
1292 4478 1553 4553 factum
1622 4480 1712 4554 sit
1777 4479 2143 4554 memoriae
2210 4480 2636 4559 mandarent.
2736 4483 2882 4557 Diu
2949 4482 3082 4555 tibi
3151 4508 3552 4559 concessum

526 4598 649 4687 sit,
701 4596 869 4672 haec
926 4604 1051 4672 tua
1090 4596 1411 4672 instituta
1456 4606 1691 4675 tenere
1707 4657 1728 4687 ‚
1792 4606 1863 4673 et
1922 4599 1995 4672 in
2028 4598 2145 4672 'iis
2204 4600 2550 4674 elaborare
2610 4601 3024 4699 discipliniS,
3093 4628 3267 4700 quas
3315 4628 3556 4679 omnes

526 4717 763 4815 procul
814 4716 1027 4791 dubio
1046 4777 1066 4805 ‚
1118 4717 1375 4816 quibus
1422 4718 1683 4817 patriae
1736 4718 1921 4793 salus
1970 4718 2159 4793 cordi
2207 4727 2344 4809 est,
2394 4722 2682 4795 maximi
2726 4721 3011 4797 faciunt.

624 4828 915 4912 Utinam¹
962 4837 1155 4913 vobis
1222 4860 1501 4937 quoque
1562 4837 1977 4915 Academiae
2044 4837 2257 4915 cives!
2308 4839 2486 4915 laeta
2551 4848 2823 4917 tantum
2889 4842 3316 4920 accidissent.
3417 4846 3554 4917 Sed

2967 4966 3056 5033 1'0
3075 4960 3109 5003 ³¹
3323 4979 3332 4985 '
