4967 6217
1805 712 2358 782 ORATIO.
3445 717 3568 784 109

548 919 896 996 doetrinae
958 918 1229 992 dudum
1292 919 1641 1016 neglectae
1693 943 1831 994 non
1906 921 2139 996 subito
2200 921 2594 996 reviviscere
2663 927 2734 994 et
2809 921 3224 996 efflorescere
3305 922 3560 1006 solent,
3693 937 3698 942 ’

550 1039 760 1114 simul
826 1064 907 1114 ac
970 1039 1073 1112 vir
1136 1037 1386 1136 aliquis
1446 1038 1725 1127 doctus,
1795 1040 1905 1115 vel
1966 1041 2174 1115 etiam
2234 1039 2550 1114 omnium
2616 1040 2898 1115 omnino
2963 1041 3262 1115 maxime
3323 1065 3562 1116 earum

550 1159 815 1258 peritus
838 1215 857 1246 ‚
907 1158 994 1232 iis
1055 1156 1378 1257 opitulari
1427 1156 1689 1255 incipit.
1792 1158 2328 1257 opportunitate
2374 1183 2550 1257 opus
2601 1166 2705 1234 est
2723 1218 2743 1249 ‚
2805 1168 2887 1236 ut
2940 1160 3235 1248 laboret3
3287 1167 3563 1260 tempus

550 1279 958 1377 requiritur,
1000 1285 1081 1351 ut
1119 1301 1353 1350 semen
1398 1284 1615 1349 terrae
1656 1276 2065 1350 mandatum
2113 1279 2496 1366 evolvatur,
2546 1277 2760 1376 idque
2802 1279 3078 1378 longius
3121 1305 3260 1377 quo
3309 1279 3565 1353 diutior

549 1396 753 1471 fuerit
796 1397 901 1470 vis
947 1395 1219 1494 frigoris
1268 1393 1617 1493 hyemalis.
1739 1395 1923 1471 Satis
1968 1396 2323 1486 habetote,
2390 1397 2451 1470 si
2496 1421 2730 1472 semen
2771 1398 2992 1474 bonos
3033 1399 3208 1475 ferat
3257 1400 3561 1485 fructus3

548 1541 636 1590 ne
668 1523 1144 1615 praematuros
1190 1513 1391 1588 nobis
1438 1537 1824 1611 poscamus.

649 1635 1170 1710 Bnanounmus
1213 1633 1391 1707 hane
1424 1633 1843 1709 academiam
1864 1693 1884 1724 ‚
1914 1635 1991 1709 in
2028 1661 2169 1735 qua
2207 1661 2331 1735 per
2360 1636 2500 1712 duo
2529 1635 2746 1710 lustra
2774 1636 3183 1724 elaboravit,
3225 1634 3564 1710 celebrem

550 1755 932 1831 reddidisse
987 1755 1223 1829 sedem
1276 1752 1791 1853 disciplinarum
1815 1813 1836 1842 ‚
1885 1756 2141 1855 quibus
2188 1757 2337 1855 ipse
2383 1755 2704 1830 excelluit
2722 1813 2743 1842 ‚
2791 1755 2983 1829 haud
3025 1779 3156 1854 ego
3202 1752 3564 1829 contendo,

548 1875 638 1947 Id
684 1875 1021 1950 affirmare
1078 1873 1236 1947 licet
1253 1929 1274 1962 ,
1319 1872 1519 1947 illum
1558 1873 2019 1948 conditionem
2064 1874 2451 1950 matheseos
2497 1873 2849 1948 meliorem
2893 1873 3274 1948 reddidisse
3291 1931 3312 1962 ,
3361 1872 3570 1970 idque

450 1997 457 2004 '
546 1992 787 2068 honori
832 1993 935 2067 illi
978 1991 1213 2069 fuisse.

648 2112 1043 2212 Discipulos
1092 2118 1327 2186 autem
1388 2112 1505 2187 hic
1560 2112 1807 2187 habuit
1826 2121 1866 2202 ‚'
1895 2115 2021 2214 qui
2080 2114 2347 2189 animos
2396 2121 2868 2192 converterent
2913 2114 3006 2188 ad
3051 2111 3452 2188 sublimiora
3499 2111 3572 2186 in

548 2231 883 2319 mathesi,
948 2254 1089 2304 non
1150 2229 1409 2304 multos
1454 2231 1579 2306 sed
1621 2257 1737 2306 eos
1793 2240 2219 2332 praestantes
2236 2267 2255 2322 ς
2316 2259 2354 2308 e
2402 2234 2698 2333 quibus,
2760 2257 2968 2332 quem
3014 2232 3165 2331 ipse
3217 2237 3568 2330 praestan-

546 2349 893 2423 tissimum
933 2347 1244 2423 omnium
1292 2350 1687 2448 praedicare
1736 2351 2031 2441 solebat,
2087 2378 2415 2451 nuncupo
2469 2355 2842 2427 Trsnmuu
2885 2351 3567 2437 Hnms‘rnanusmu,

547 2466 669 2566 qui
688 2525 709 2556 ,
778 2467 1230 2543 Rumzxnmo
1294 2476 1469 2542 teste
1486 2527 1509 2558 ,
1578 2470 2123 2546 BnaNonanu
2189 2471 2422 2545 divino
2484 2494 2774 2544 munere
2846 2468 2981 2542 sibi
3059 2473 3570 2568 praeceptorem

544 2586 875 2685 obtigisse
894 2645 915 2675 ,
984 2611 1147 2662 cum
1210 2587 1467 2684 gaudio
1484 2645 1505 2676 ,
1574 2589 1764 2686 quod
1832 2589 2033 2664 vultu
2102 2596 2173 2664 et
2238 2587 2456 2664 oculis
2517 2588 2923 2688 proderetur
2939 2646 2960 2675 ‚
3028 2585 3230 2661 fateri
3279 2585 3564 2662 solebat.

548 2705 841 2780 Constat
885 2705 1190 2781 eruditos
1240 2704 1639 2804 peregrinos
1681 2706 2017 2806 plurimos
2058 2707 2390 2782 eximium
2432 2707 2659 2783 virum
2699 2707 3056 2781 visitatum
3103 2705 3286 2779 hanc
3323 2703 3570 2778 urbem

546 2823 834 2912 adiisse3
884 2823 1009 2898 sed
1057 2845 1485 2921 quamquam
1528 2823 1628 2898 ita
1670 2823 2002 2900 numerus
2041 2827 2327 2901 creverit
2370 2851 2612 2901 eorum
2626 2885 2647 2915 ‚
2699 2826 3120 2925 quibuscum
3165 2823 3570 2898 commercio

550 2941 903 3016 literarum
946 2940 1227 3016 iunctus
1268 2941 1306 3015 f
1304 2942 1405 3016 uit
1425 2999 1446 3030 ,
1493 2966 1826 3018 numerus
1868 2951 2105 3019 tamen
2156 2946 2554 3020 auditorum
2595 2969 2737 3019 non
2779 2945 3054 3019 videtur
3092 2949 3362 3019 auctus.

638 3061 744 3134 Eo
815 3059 1146 3138 decennio
1164 3117 1185 3148 ,
1264 3060 1352 3135 de
1427 3086 1567 3159 quo
1639 3063 1782 3138 iam
1856 3063 2131 3164 agimus
2147 3125 2167 3155 ,
2236 3065 2609 3140 academici
2669 3066 2851 3140 cives
2908 3088 3238 3164 magnam
3303 3069 3572 3164 partem

545 3187 740 3254 erant
814 3179 1049 3254 exteri.
1168 3179 1467 3255 Palatini
1533 3183 1898 3282 praecipue
1911 3242 1933 3273 ,
2002 3184 2274 3259 exsules
2334 3184 2685 3283 religionis
2737 3209 2944 3258 causa
2963 3241 2984 3272 ,
3043 3184 3430 3282 complures
3478 3183 3572 3256 ad

548 3299 797 3375 urbem
854 3300 1033 3375 hanc
1094 3324 1169 3374 se
1227 3307 1626 3400 receperant
1667 3307 1741 3374 et
1782 3301 2165 3400 theologiae
2210 3324 2491 3399 operam
2537 3300 2818 3374 dabant.
2919 3300 3121 3377 Quae
3167 3323 3326 3372 vero
3363 3322 3610 3394 causa,
3749 3337 3756 3345 ·

548 3427 654 3495 est
673 3478 694 3509 ,
762 3444 886 3494 cur
950 3443 1091 3492 non
1154 3418 1465 3517 undique
1522 3417 1609 3492 ex
1656 3420 1939 3518 Europa
1994 3418 2133 3494 huc
2181 3420 2642 3505 confluerent,
2692 3418 2817 3516 qui
2863 3417 3260 3500 sublimiore
3307 3417 3572 3516 analysi

551 3536 1041 3612 mathematica
1097 3536 1355 3611 initiari
1416 3537 1670 3612 vellent
1686 3595 1707 3626 ,
1757 3561 1937 3612 nova
1990 3536 2109 3611 illa
2154 3536 2517 3637 disciplina
2535 3594 2556 3624 ,
2605 3536 2804 3611 cuius
2851 3535 3342 3634 praestantiam
3384 3534 3576 3610 orbis

545 3656 859 3731 literatus
924 3680 1088 3731 cum
1155 3656 1409 3756 plausu
1463 3661 1535 3729 et
1602 3655 2052 3730 admiratione
2118 3655 2539 3754 excipiebat,
2627 3655 2752 3730 sed
2817 3680 2995 3753 quae
3013 3713 3034 3743 ‚
3108 3652 3422 3740 nondum
3489 3655 3571 3728 li-

551 3776 693 3852 bris
762 3776 1076 3875 exposita
1094 3833 1115 3865 ,
1196 3799 1337 3850 non
1404 3774 1780 3850 docebatur
1842 3775 1979 3850 nisi
2046 3775 2121 3850 in
2192 3775 2442 3849 scholis
2513 3773 2880 3848 Basiliensi
2943 3780 3016 3847 et
3081 3773 3574 3872 GroninganaP

474 3991 485 4002 ·
551 3895 697 3974 Qui
765 3895 1030 3971 sactum
1088 3901 1195 3970 est
1212 3953 1230 3981 ‚
1294 3901 1377 3969 ut
1432 3893 1525 3970 ad
1582 3893 1761 3970 hanc
1826 3895 2249 3972 academiam
2299 3918 2441 3969 non
2498 3895 2923 3968 confluerent
2975 3892 3241 3968 scholas
3302 3893 3568 3968 mathe-

420 4065 429 4076 ·
550 4013 836 4088 maticas
884 4015 1348 4090 Bannounnn
1394 4013 1908 4113 frequentatum
1927 4073 1947 4103 ,
1996 4013 2588 4113 quemadmodum
2637 4013 2900 4110 aliquot
2931 4013 3129 4086 annis
3178 4017 3336 4110 post
3375 4010 3566 4110 Lug-

551 4129 823 4206 dunum
898 4133 989 4208 ad
1068 4133 1501 4232 disciplinam
1575 4132 1953 4208 chemicam
2031 4141 2101 4207 et
2171 4133 2512 4208 medicam
2569 4131 2986 4206 Hermam
3045 4130 3570 4204 Bonanaavu?

552 4249 871 4323 Fortasse
889 4307 910 4336 ‚
946 4248 1182 4348 inquis
1202 4307 1222 4337 ,
1261 4249 1425 4348 quia
1462 4249 1615 4350 ipsa
1643 4275 1753 4342 res
1793 4250 1927 4324 fert
1967 4258 2049 4325 ut
2076 4251 2281 4350 pauci
2317 4275 2598 4327 omnem
2634 4250 2900 4350 ingenii
2935 4250 3074 4324 vim
3105 4248 3199 4323 ad
3227 4247 3570 4322 mathesin

535 4365 953 4454 intendant,
1022 4367 1371 4467 plerisque
1434 4394 1522 4443 ex
1571 4368 1723 4444 aliis
1777 4369 2025 4444 studiis
2056 4371 2267 4457 vvitae
2330 4371 2672 4469 praesidia
2732 4369 3153 4469 petentibus
3252 4365 3574 4440 Concedo

555 4485 919 4585 equidem;
986 4487 1111 4560 sed
1166 4495 1514 4586 praeterea
1570 4487 1781 4564 aliam
1840 4513 2117 4589 quoque
2178 4514 2459 4564 causam
2521 4512 2653 4588 ego
2710 4488 2908 4561 video
2930 4545 2951 4574 ‚
3000 4486 3047 4559 i.
3088 4509 3152 4561 e.
3196 4484 3574 4560 novitatem

540 4604 813 4682 'altioris
854 4604 1041 4680 illius
1075 4605 1371 4704 fastigii,
1415 4607 1508 4681 ad
1544 4606 1734 4704 quod
1773 4634 1816 4683 a
1855 4607 2241 4683 meno
2274 4616 2347 4682 et
2384 4609 2866 4682 Bannounmo
2905 4611 3202 4702 utroque
3243 4603 3574 4679 mathesis
3642 4651 3648 4656 -

556 4733 700 4802 erat
762 4731 1033 4812 evecta;
1110 4724 1367 4825 quippe
1438 4725 1777 4800 eiusmodi
1837 4726 2119 4803 inventa
2186 4751 2327 4801 non
2400 4726 2538 4800 nisi
2605 4723 3032 4824 pedetentim
3104 4747 3267 4797 cum
3336 4722 3578 4797 multis

550 4843 1153 4921 communicantur
1168 4903 1189 4933 ‚
1240 4853 1310 4918 et
1352 4868 1510 4921 vero
1546 4870 1673 4920 suo
1716 4846 1937 4945 pretio
1982 4844 2229 4921 seriore
2280 4846 2566 4921 demum
2604 4851 2912 4944 tempore
2951 4841 3297 4922 aestimari
3337 4841 3576 4918 solent.
