4967 6217
1856 717 2410 788 ORATIO.
3513 723 3642 791 219

618 925 991 1026 occupatis.
1088 924 1313 1023 Atqui
1358 947 1579 1022 quum
1620 947 1705 999 ea
1748 932 1930 1000 esset
1974 927 2393 1001 Graecorum
2439 928 2512 996 et
2546 922 3018 999 Romanorum
3063 925 3340 1024 propria
3382 927 3600 1003 virtus
3622 988 3642 1018 ,

622 1056 701 1120 ut
770 1044 1071 1119 universi
1140 1043 1322 1119 cives
1384 1043 1618 1117 omnia
1679 1043 1771 1118 ad
1840 1044 2133 1119 salutem
2189 1042 2540 1141 publicam
2590 1042 2918 1117 referrent
2967 1043 3309 1142 paucique
3363 1047 3646 1123 omnino

616 1170 848 1237 essent
868 1220 889 1250 ‚
961 1162 1085 1260 qui
1128 1187 1268 1237 non
1315 1160 1409 1236 ad
1456 1160 1899 1236 scribendum
1945 1186 2281 1261 magnum
2320 1184 2555 1235 rerum
2599 1183 2806 1233 usum
2849 1160 3207 1250 afferrent,
3254 1163 3404 1238 fieri
3445 1164 3646 1241 aliter

616 1305 754 1355 non
796 1281 1025 1378 potuit
1074 1281 1245 1378 quin
1290 1304 1529 1353 verum
1576 1287 2029 1378 sanctumque
2070 1279 2333 1378 patriae
2379 1302 2684 1354 amorem
2721 1280 3282 1355 commendarent
3322 1290 3395 1356 et
3438 1282 3643 1359 liber-

614 1400 777 1475 tatis
832 1399 1049 1473 civilis
1115 1398 1427 1472 studium
1486 1421 1648 1471 cum
1722 1398 1957 1495 legum
2008 1397 2441 1472 observantia
2491 1396 2958 1489 coniunctum.
3057 1399 3308 1498 Itaque
3359 1408 3638 1478 tantum

612 1518 812 1592 abest
829 1576 849 1605 ‚
922 1524 1003 1591 ut
1052 1540 1139 1590 ex
1196 1516 1418 1591 multa
1466 1523 1540 1589 et
1584 1517 1902 1591 accurata
1947 1514 2379 1614 antiquitatis
2421 1513 2870 1589 meditatione
2923 1516 3187 1615 aliquid
3243 1519 3482 1594 damni
3527 1546 3640 1597 res

610 1636 889 1735 publica
924 1637 1014 1709 sit
1056 1642 1341 1733 captura
1354 1694 1374 1723 ,
1414 1644 1508 1710 ‘ut
1544 1634 1720 1709 nihil
1760 1636 1985 1735 magis
2024 1635 2245 1709 valeat
2284 1634 2376 1709 ad
2415 1633 2784 1709 eluendam
2824 1636 3040 1709 nostri
3081 1638 3334 1711 saeculi
3370 1639 3596 1713 labem
3617 1700 3637 1727 ‚

610 1780 753 1854 qua
808 1755 1013 1843 multi
1074 1754 1314 1829 infecti
1376 1779 1459 1829 ea
1518 1754 1817 1827 maxime
1880 1759 2230 1827 sectantur
2250 1809 2270 1839 ,
2344 1772 2524 1849 quae
2591 1774 2756 1825 suae
2813 1751 3045 1849 potius
3099 1753 3383 1828 utilitati
3425 1779 3636 1853 quam

542 1919 551 1929 ·
608 1874 927 1971 publicae
988 1873 1386 1949 inserviant.
1496 1873 1810 1946 Fuerunt
1874 1872 2247 1970 aliquando
2306 1870 2618 1945 homines
2671 1870 2862 1945 nulla
2911 1878 3036 1943 aut
3073 1871 3416 1947 levissima
3461 1877 3638 1949 anti-

609 1994 901 2090 quitatis
958 1993 1353 2093 cognitione
1412 1992 1611 2067 tincti
1630 2052 1655 2089 ,-
1718 1993 1841 2091 qui
1894 1992 2230 2067 libertatis
2298 1989 2902 2089 intemperantiam
2960 1998 3172 2086 atque
3219 1991 3393 2065 adeo
3441 2017 3642 2067 suam

612 2112 961 2186 licentiam
1002 2120 1073 2186 et
1114 2112 1416 2186 furorem
1454 2110 1889 2209 antiquitatis
1933 2112 2248 2207 exemplo
2295 2107 2779 2193 defenderent,
2831 2114 2902 2179 et
2941 2130 3162 2203 quum
3203 2107 3644 2205 Hyperbolos

608 2238 683 2305 et
729 2231 1063 2306 Catilinas
1106 2231 1543 2305 imitarentur
1596 2228 2011 2323 Thrasybuli
2059 2234 2131 2300 et
2182 2225 2388 2299 Bruti
2440 2224 2679 2299 haberi
2733 2225 3024 2311 vellent;
3075 2224 3198 2298 sed
3247 2234 3393 2300 tam
3438 2227 3642 2305 foeda

604 2349 967 2423 mendacia
1024 2343 1173 2423 non‘
1226 2350 1453 2446 magis
1518 2353 1837 2421 evertunt
1891 2343 2301 2443 philologiae
2350 2341 2763 2441 dignitatem
2785 2399 2806 2429 ,
2863 2366 3075 2441 quam
3117 2344 3370 2420 seelera
3415 2348 3640 2446 specie

606 2468 955 2567 religionis
1002 2468 1367 2541 commissa
1413 2466 1563 2540 eius
1616 2463 1965 2538 sanctitati
2010 2468 2282 2536 nocent.

700 2586 1121 2661 Accedimus
1188 2586 1280 2660 ad
1332 2584 1617 2659 tertium
1662 2589 1873 2683 eaput
1926 2580 2381 2657 accusationis
2399 2638 2420 2669 ,
2468 2604 2610 2680 quo
2657 2580 2966 2679 legendis
3013 2582 3316 2681 antiquis
3354 2585 3637 2683 scripto-

602 2706 799 2785 ribus
836 2704 1055 2779 bonos
1092 2728 1318 2779 mores
1362 2702 1711 2803 eorrumpi
1750 2695 2196 2777 contendunt.
2296 2702 2469 2775 Esse
2501 2700 2680 2775 inter
2719 2723 2837 2773 eos
2855 2757 2876 2787 ,
2924 2724 3100 2798 quos
3135 2702 3357 2778 multa
3390 2704 3639 2779 lascive

605 2831 678 2899 et
752 2822 1117 2899 libidinose
1190 2822 1445 2898 chartis
1522 2822 1851 2897 mandare
1918 2845 2059 2896 non
2129 2818 2498 2918 puduerit,
2571 2842 2722 2893 non.
2781 2842 3120 2917 negamus
3143 2877 3164 2907 ‚
3237 2821 3362 2895 sed
3421 2821 3638 2898 iidem

604 2942 1087 3017 contendimus
1118 2942 1369 3016 horum
1404 2965 1775 3015 numerum
1797 2999 1818 3030 ‚
1852 2941 1913 3015 si
1948 2965 2109 3015 cum
2144 2937 2546 3012 melioribus
2579 2944 3014 3034 comparetur
3035 2994 3054 3025 ‚
3088 2963 3240 3013 esse
3279 2940 3632 3039 exiguum.

609 3060 806 3140 Quid
856 3058 1327 3157 'statuendum
1394 3060 1675 3147 fuisset,
1722 3112 1725 3117 -
1772 3060 1833 3132 si
1898 3058 2131 3131 omnia
2206 3058 2630 3131 Graecorum
2695 3062 2768 3129 et
2840 3057 3314 3132 Romanorum
3386 3060 3640 3159 scripta

610 3188 905 3255 aetatem
984 3180 1345 3267 tulissent,
1412 3202 1553 3251 non
1619 3177 1911 3265 definio;
1985 3176 2115 3250 hoc
2171 3182 2403 3252 autem
2467 3174 2608 3250 scio
2677 3200 2764 3249 ex
2835 3175 3154 3259 universa
3219 3178 3635 3275 antiquitate

612 3298 835 3373 multo
882 3299 1237 3398 pauciores
1284 3322 1637 3395 superesse
1655 3354 1675 3386 ,
1725 3297 1851 3396 qui
1892 3297 1967 3370 in
2011 3295 2189 3403 hanc
2236 3301 2503 3393 partem
2545 3300 2869 3392 peccent,
2917 3318 3132 3393 quam
3185 3295 3376 3393 apud
3418 3296 3632 3372 ullam

604 3402 648 3491 e
714 3417 1209 3491 recentioribus
1270 3418 1590 3514 Europae
1664 3415 2029 3515 gentibus;
2110 3414 2249 3489 scio
2320 3413 2532 3487 etiam
2605 3412 2906 3487 Athenis
2981 3437 3343 3512 nunquam
3417 3416 3636 3515 impia

604 3534 921 3609 caedium
944 3594 963 3623 ‚
1036 3534 1523 3632 paricidiorum
1538 3592 1559 3623 ‚
1624 3534 2015 3609 incestuum
2097 3530 2481 3631 spectacula
2555 3529 2660 3607 in,
2703 3542 2979 3606 scenam
3043 3534 3309 3631 prolata
3373 3532 3589 3609 fuisse
3607 3593 3631 3623 ,

606 3653 867 3751 quibus
908 3651 1244 3726 hodierni
1302 3654 1595 3727 artifices
1659 3678 1799 3727 non
1860 3654 2209 3729 abstinent
2228 3710 2247 3739 ,
2311 3658 2726 3747 tantumque
2785 3649 2998 3725 fuisse
3049 3652 3238 3749 apud
3277 3651 3631 3729 Romanos

604 3770 919 3869 ambigui
968 3770 1135 3845 dicti
1184 3770 1521 3869 pudorem
1535 3829 1555 3860 ‚
1606 3781 1689 3846 ut
1735 3772 1966 3848 literas
2006 3772 2373 3847 obscenius
2418 3773 2900 3845 concurrentes
2946 3770 3262 3869 religiose
3315 3779 3387 3846 et
3427 3773 3629 3857 anxie
3702 3788 3708 3795 '

606 3890 937 3975 vitarent,
1002 3913 1225 3987 quum
1285 3898 1523 3966 contra
1578 3915 1688 3965 res
1742 3891 2120 3989 turpiculas
2162 3915 2289 3965 suo
2329 3888 2608 3963 nomine
2651 3886 2992 3984 appellare
3031 3910 3172 3961 non
3209 3886 3628 3966 dubitarent.

608 4007 762 4083 Etsi
787 4007 1001 4106 igitur
1038 4006 1323 4082 historia
1358 4009 1656 4083 literaria
1693 4008 1894 4082 docet
1929 4008 2297 4083 nonnullos
2339 4006 2653 4081 homines
2692 4004 2906 4078 literis
2946 4006 3226 4083 Graecis
3261 4014 3332 4081 et
3361 4006 3630 4085 Latinis

606 4126 843 4201 doctos
914 4125 1131 4201 animi
1181 4126 1517 4226 pravitate
1573 4126 1789 4202 fuisse
1844 4126 2151 4227 insignes
2206 4134 2277 4201 et
2320 4125 2660 4222 corruptis
2701 4123 3010 4198 moribus
3025 4182 3046 4212 ,
3109 4150 3347 4201 eorum
3391 4134 3626 4203 tamen

606 4247 917 4345 exempla
966 4270 1109 4321 non
1148 4244 1445 4335 faciunt,
1493 4253 1575 4322 ut
1617 4270 1875 4321 errores
1918 4230 1991 4321 et
2042 4246 2207 4321 vitia
2255 4270 2341 4319 ex
2388 4244 2518 4319 hoc
2569 4243 2762 4318 fonte
2805 4243 3088 4317 fluxisse
3135 4244 3591 4321 concedamus
3605 4305 3628 4335 ‚

602 4390 831 4465 neque
876 4365 1066 4441 aliud
1108 4365 1403 4466 probant
1444 4365 1579 4440 nisi
1626 4365 1907 4465 ingenia
1945 4366 2126 4441 mala
2159 4389 2506 4465 pravaque
2545 4363 2688 4438 solo
2729 4363 3082 4439 literarum
3121 4362 3354 4437 studio
3389 4388 3624 4440 emen-

604 4483 763 4559 dari·
794 4492 865 4558 et
894 4483 1145 4583 corrigi
1178 4508 1320 4561 non
1361 4510 1564 4585 posse
1585 4543 1606 4576 ,
1657 4487 1782 4559 sed
1824 4486 1917 4561 ad
1935 4485 2168 4560 ‘vitam
2200 4483 2574 4583 regendam
2606 4481 2874 4559 meliori
2909 4506 3086 4581 opus
3126 4506 3276 4557 esse
3314 4482 3626 4560 subsidio

604 4610 677 4676 et
746 4602 1017 4677 divinae
1079 4602 1429 4702 religionis
1493 4604 1895 4704 praeceptis.
2010 4604 2170 4679 Hoc
2240 4628 2464 4678 unum
2529 4627 2668 4677 non
2741 4602 3136 4701 negaverim
3200 4603 3630 4679 voluntatem

604 4730 815 4819 atque
870 4721 1175 4797 indolem
1228 4723 1401 4823 fingi
1463 4724 1713 4799 studiis
1727 4782 1747 4813 ‚
1812 4749 2114 4823 eumque
2180 4725 2307 4822 qui
2357 4723 2798 4822 potissimum
2853 4719 3308 4797 deterioribus
3357 4722 3629 4822 scriptis
3777 4716 3780 4721 ’

604 4838 984 4919 delectetur
1042 4850 1115 4919 et
1174 4842 1461 4919 lascivos
1516 4852 1755 4945 poetas
1816 4852 2115 4921 sectetur
2130 4901 2159 4939 ‚‚
2216 4842 2381 4919 inde
2433 4842 2682 4919 ducere
2726 4841 2992 4942 aliquid
3009 4899 3031 4930 ,
3079 4841 3272 5007 quo'd
3319 4842 3631 4919 animum

3099 4964 3190 5035 28
