4967 6217
1408 676 1535 747 108
2491 668 2592 740 ct
2639 670 2715 739 A.
2785 649 3346 739 susurrant

1509 883 1647 957 His
1701 882 1915 981 copiis
1962 881 2339 953 instructus
2386 878 2896 952 institutionem
2936 875 3494 951 mathematicam
3541 875 3769 949 fratris
3815 874 4178 949 Ionanms
4228 877 4300 951 in
4353 902 4432 951 se

1414 1009 1837 1101 susceperat,
1854 1000 1966 1073 cui
1988 999 2273 1097 quidem
2295 996 2617 1071 scientiae
2638 998 2906 1071 fructus
2934 995 3252 1083 tradidit,
3278 1018 3454 1092 quos
3478 993 3722 1093 ipsein
3751 993 3994 1092 Belgio
4015 1004 4434 1093 perceperat:
4533 1062 4542 1070 .

1416 1120 1560 1197 Qui
1602 1128 1833 1193 tamen
1880 1118 2027 1217 ipse
2071 1117 2263 1191 brevi
2301 1123 2774 1216 praeceptores
2819 1114 3253 1202 antecelluit,
3303 1138 3566 1211 suaque
3617 1113 3761 1187 vice
3823 1113 4241 1212 discipulum
4289 1124 4432 1189 erat

1410 1246 1653 1311 nactus
1671 1294 1691 1325 ,
1762 1237 1952 1311 haud
2021 1236 2145 1309 diu
2208 1243 2365 1334 post
2423 1234 2559 1332 ipsi
2622 1238 2858 1334 parem
2917 1232 3254 1309 futurum.
3352 1230 3515 1305 Pari
3575 1231 3789 1306 animi
3831 1230 4070 1305 ardore
4093 1289 4114 1320 ‚
4181 1238 4430 1305 eventu

1410 1355 1663 1453 pariter
1702 1356 1897 1430 felice
1921 1413 1941 1444 ‚
1983 1355 2354 1429 certamine
2398 1355 2653 1429 sensim
2697 1352 3090 1450 sensimque
3125 1351 3379 1426 acriore
3421 1357 3714 1447 uterque
3755 1348 4003 1424 virium
4047 1349 4429 1449 periculum

1410 1476 1664 1549 fecerat
1706 1473 1779 1547 in
1806 1473 2095 1572 ‘analysi
2137 1473 2255 1547 illa
2301 1497 2498 1547 nova.
2601 1475 2844 1549 Quum
2905 1471 3284 1545 Ionannns
3349 1468 3488 1543 huc
3547 1476 3937 1555 vocaretur,
4002 1468 4144 1543 iam
4191 1470 4431 1543 acriter

1410 1591 1839 1690 aliquamdiu
1906 1617 2069 1665 cum
2125 1592 2331 1665 fratre
2398 1592 2676 1665 Iacoao
2723 1588 3170 1663 contenderat
3223 1589 3310 1662 de
3357 1586 3664 1687 principe
3721 1587 3902 1676 loco;
3954 1587 4126 1685 quin
4167 1589 4426 1663 mathe-

1407 1711 1678 1785 maticis
1750 1710 2176 1785 nostratibus
2243 1710 2441 1784 faci-le
2512 1707 2798 1781 reddere
2873 1706 3214 1806 potuisset
3281 1707 3463 1780 bona
3479 1763 3500 1795 ,
3575 1732 3754 1805 quae
3835 1728 3921 1781 ex
3998 1707 4428 1783 institutione

1408 1831 1705 1905 fraterna
1770 1829 2083 1904 Basileae
2162 1829 2237 1902 in
2312 1852 2473 1902 eum
2539 1825 3092 1900 redundaverant
3108 1859 3128 1916 ;
3195 1825 3454 1924 quippe
3514 1850 3718 1900 nemo
3771 1834 3918 1902 erat
3984 1852 4066 1901 eo
4124 1834 4425 1926 tempore

1406 1950 1480 2022 in
1528 1955 1763 2022 nostra
1809 1947 2087 2046 regione
2108 2005 2128 2035 ‚
2177 1947 2301 2045 qui
2352 1970 2492 2019 non
2537 1952 2905 2045 cogeretur
2952 1944 3017 2018 ei
3069 1943 3476 2019 submittere
3520 1944 3760 2020 fasces.
3859 1946 4204 2044 Magnum
4255 1946 4446 2055 illud·

1408 2068 1644 2141 lumen
1708 2067 2045 2141 Hucnmr
2102 2065 2296 2140 brevi
2360 2071 2522 2139 ante
2583 2066 2732 2139 eius
2781 2064 3157 2139 adventum
3203 2070 3350 2138 erat
3393 2064 3851 2139 exstinctum:
3926 2094 3961 2133 ιι
3985 2065 4426 2141 Hunnnmus

1414 2226 1448 2261 ιι
1472 2202 1701 2267 autem
1723 2251 1743 2281 ,
1835 2193 2077 2268 consul
2169 2190 2832 2265 Amstelodamensis
2853 2248 2874 2278 ,
2958 2190 3229 2263 dudum
3329 2182 3912 2286 speculationibus
3998 2185 4427 2282 geometricis

1412 2342 1447 2379 ιι
1466 2312 1955 2387 valedixerat.’'

1497 2431 1725 2504 Nemo
1758 2430 2127 2528 quisquam
2164 2430 2363 2529 plura
2395 2428 2469 2501 in
2506 2427 2939 2501 institutione
2977 2426 3066 2501 ab
3105 2453 3187 2501 eo
3229 2425 3682 2525 exspectavit,
3716 2449 3930 2523 quam
3960 2425 4380 2501 Lmumus
4405 2484 4424 2513 ‚

1403 2550 1558 2648 qui:
1618 2578 1654 2619 ιι
1676 2550 1919 2623 tuam’?
1968 2548 2198 2646 inquit
2230 2548 2305 2622 in
2343 2547 2560 2621 literis
2616 2576 2652 2616 ιι
2677 2548 2866 2645 apud
2899 2546 3283 2621 foederatos
3321 2546 3576 2645 Belgas
3609 2543 4108 2619 habitationem
4124 2601 4145 2632 ,
4193 2545 4427 2643 magni

1408 2700 1445 2736 ιι
1466 2668 1635 2744 usus
1678 2669 1823 2742 fore
1858 2668 2155 2779 arbitror
2195 2668 2286 2741 ad
2330 2665 2641 2739 methodi
2671 2673 2945 2740 nostrae
2983 2665 3572 2766 propagationem.
3673 2664 3862 2737 Cum
3909 2662 4098 2738 enim
4145 2662 4420 2762 plurimi

1411 2816 1446 2854 ιι
1468 2788 1540 2859 in
1596 2785 1877 2860 Batavis
1938 2786 2290 2885 algebram
2346 2785 2614 2873 colant,
2675 2785 2902 2860 multa
2946 2787 3147 2861 utilia
3203 2787 3517 2872 dabunt,
3577 2781 3703 2857 ubi
3761 2780 3900 2857 huc
3953 2780 4218 2857 animos
4265 2806 4419 2857 con-

1404 2935 1442 2975 ιι
1467 2904 1864 2980 verterint.”
2943 2916 2948 2919 ’
4363 2944 4376 2957 ,

1501 3025 1653 3099 Nec
1729 3033 1961 3099 tamen
2026 3026 2361 3099 affirmare
2428 3023 2621 3113 licet,
2689 3048 2886 3123 spem
2943 3048 3082 3099 non
3126 3023 3446 3099 fefellisse
3491 3029 3835 3097 eventum.
3931 3022 4097 3096 Huc
4155 3022 4426 3097 delatus

1406 3146 1929 3217 BnuNounmus
2000 3166 2141 3216 non
2207 3142 2471 3216 invenit
2538 3140 2911 3239 discipulos
2973 3141 3325 3241 algebram
3391 3142 3725 3229 colentes3
3787 3165 3921 3214 non
3979 3139 4244 3213 invenit
4291 3140 4421 3238 qui

1402 3262 1501 3336 ita
1580 3269 1812 3335 essent
1898 3260 2238 3348 instituti,
2325 3266 2407 3333 ut
2478 3259 2912 3361 sublimiores
2994 3260 3215 3360 ipsius
3295 3261 3594 3336 rationes
3668 3259 4038 3359 intelligere
4109 3265 4412 3358 possent.

1404 3382 1653 3479 Itaque
1705 3387 2014 3455 metuere
2040 3378 2289 3478 ‘coepit
2310 3434 2329 3467 ‚
2395 3402 2488 3453 ne
2541 3379 2918 3454 maximam
2964 3379 3292 3478 temporis
3334 3368 3602 3479 partein
3626 3439 3646 3470 ,
3695 3404 3856 3453 cum
3899 3378 4158 3477 insigni
4211 3378 4420 3453 detri-

1405 3508 1639 3576 mento
1688 3525 1971 3574 suorum
2017 3485 2452 3599 profectuum
2472 3556 2493 3587 ‚
2542 3523 2942 3573 consumere
2987 3498 3272 3573 deberet
3313 3500 3388 3573 in
3439 3498 3798 3574 elementis
3848 3497 4300 3573 incnfloandis.

1504 3618 2025 3692 Lmnm'rmsne
2095 3617 2313 3715 igitur
2384 3616 2640 3690 falsum
2703 3618 2954 3691 tulerat
3017 3618 3355 3692 iudicium
3422 3619 3510 3693 de
3578 3618 3966 3693 matheseos
4046 3617 4120 3691 in
4195 3624 4422 3692 nostra

1408 3736 1631 3835 patria
1689 3736 2128 3823 conditione?
2223 3735 2337 3807 Ne
2376 3734 2506 3807 hoc
2564 3733 2888 3831 q11idem;
2938 3758 3177 3808 verum
3221 3734 3624 3833 ignorabat,
3674 3734 4060 3809 doctrinam
4115 3734 4296 3808 illam
4345 3734 4416 3807 in

1412 3855 1542 3927 hac
1606 3852 1957 3929 academia
2016 3854 2141 3927 diu
2211 3852 2639 3952 neglectam,
2705 3851 2876 3950 quin
2926 3878 3052 3951 per
3105 3854 3355 3953 viginti
3415 3864 3487 3930 et
3558 3879 3679 3929 sex
3735 3880 3954 3929 annos
4004 3852 4282 3932 omnino
4330 3877 4416 3927 ne

1408 3971 1735 4047 traditam
1793 3973 2077 4071 quidem
2146 3972 2382 4047 fuisse.
2503 3972 2756 4045 Nonne
2813 3973 3144 4072 suspicari
3205 3974 3400 4063 licet,
3475 3974 3976 4074 propaedeusin
4039 3973 4131 4047 ad
4185 3972 4419 4047 acade·
4515 3994 4525 4001 ’

1414 4091 1626 4167 miam
1690 4091 1763 4165 in
1829 4092 1958 4167 hac
2021 4091 2368 4191 provincia
2429 4091 2674 4166 eodem
2732 4090 3072 4167 laborasse
3118 4092 3284 4167 vitio
3301 4151 3321 4181 ‚
3372 4118 3512 4192 quo
3556 4095 3708 4193 ipsa
3755 4091 4143 4180 academia;
4208 4091 4308 4165 ita
4347 4098 4426 4165 ut

1409 4198 1517 4285 vel
1555 4210 1813 4311 optime
1855 4211 2161 4285 instituti
2199 4235 2479 4285 cursum
2527 4210 2998 4285 academicum
3041 4212 3423 4313 inciperent
3463 4212 3611 4287 sine
3658 4211 4082 4287 ulla‘notitia
4127 4210 4420 4285 elemen—
4505 4272 4516 4283 .

1407 4340 1639 4405 torum
1698 4332 2165 4429 geometriae?
2208 4374 2314 4391 -
2370 4330 2525 4429 Ego
2583 4354 2708 4428 pro
2761 4335 2946 4402 certo
3010 4327 3270 4417 habeo,
3319 4331 3632 4407 futurum
3677 4332 3890 4407 fuisse
3935 4338 4061 4418 ut,
4113 4330 4174 4405 si
4222 4329 4420 4403 disci-

1407 4450 1633 4547 plinae
1700 4450 2223 4524 mathematicae
2286 4448 2361 4522 in
2426 4448 2557 4521 hac
2622 4445 2853 4521 schola
2899 4448 3328 4523 continenter
3368 4476 3411 4525 a
3455 4450 3616 4526 viris
3657 4450 4089 4550 peritissimis
4131 4448 4422 4523 fuissent

1407 4566 1701 4640 traditae
1715 4624 1735 4655 ‚
1775 4566 2297 4642 BnnNouLmus
2338 4566 2453 4641 hic
2497 4566 2854 4640 habuisset
2895 4566 3266 4666 discipulos
3301 4569 3468 4643 satis
3507 4578 3862 4669 provectos
3876 4628 3895 4659 ‚
3941 4576 4022 4644 ut
4065 4568 4419 4645 thesauros

1409 4683 1813 4757 eruditionis
1860 4685 1987 4758 viri
2031 4686 2359 4785 praeclari
2404 4709 2566 4760 cum
2612 4684 2845 4760 fructu
2891 4710 3018 4761 suo
3061 4686 3452 4785 potuissent
3491 4672 3820 4789 accipere.

1510 4802 2122 4881 Quemadmodum
2180 4813 2413 4880 autem
2484 4804 2769 4881 morbus
2831 4804 3252 4882 inveteratus
3311 4832 3448 4884 non
3515 4808 3698 4883 illico
3748 4808 3974 4884 sanari
4015 4814 4282 4907 potest,
4325 4804 4422 4879 ita
